name,userName,ticker,quarter,report,published,eps,revenue
Bill,BillB1210,NETI,Q3 2021,"Dec 8, 2021 BMO","Oct 24, 2021",0.64,34.7
Bill,BillB1210,NM,Q3 2021,"Dec 8, 2021 BMO","Nov 20, 2021",2.42,146.9
Bill,BillB1210,CPB,Q1 2022,"Dec 8, 2021 BMO","Dec 5, 2021",0.83,"2,296"
Bill,BillB1210,KFY,Q2 2022,"Dec 8, 2021 BMO","Dec 5, 2021",1.45,622.67
Bill,BillB1210,VRA,Q3 2022,"Dec 8, 2021 BMO","Dec 5, 2021",0.27,143.81
Bill,BillB1210,THO,Q1 2022,"Dec 8, 2021 BMO","Dec 5, 2021",3.74,"3,623"
Bill,BillB1210,UNFI,Q1 2022,"Dec 8, 2021 BMO","Dec 5, 2021",0.7,"6,802"
Bill,BillB1210,PLAB,Q4 2021,"Dec 8, 2021 BMO","Dec 5, 2021",0.27,177.1
Bill,BillB1210,LOVE,Q3 2022,"Dec 8, 2021 BMO","Dec 5, 2021",-0.35,112.89
Bill,BillB1210,SPWH,Q3 2021,"Dec 8, 2021 AMC","Nov 13, 2021",0.64,400.52
Bill,BillB1210,RH,Q3 2021,"Dec 8, 2021 AMC","Dec 5, 2021",6.97,990.44
Bill,BillB1210,GEF,Q4 2021,"Dec 8, 2021 AMC","Dec 5, 2021",1.41,"1,362"
Bill,BillB1210,AGX,Q3 2021,"Dec 8, 2021 AMC","Dec 5, 2021",0.69,134.2
Bill,BillB1210,OXM,Q3 2021,"Dec 8, 2021 AMC","Dec 5, 2021",0.6,235.89
Bill,BillB1210,GME,Q3 2021,"Dec 8, 2021 AMC","Nov 20, 2021",-0.36,"1,241"
Bill,BillB1210,PATH,Q3 2021,"Dec 8, 2021 AMC","Dec 5, 2021",-0.01,211.84
Bill,BillB1210,HRL,Q4 2021,"Dec 9, 2021 BMO","Dec 5, 2021",0.51,"3,237"
Bill,BillB1210,FIZZ,Q2 2022,"Dec 9, 2021 BMO","Dec 5, 2021",0.52,291.52
Bill,BillB1210,HOV,Q4 2021,"Dec 9, 2021 BMO","Dec 5, 2021",7,702
Bill,BillB1210,LQDT,Q4 2021,"Dec 9, 2021 BMO","Dec 5, 2021",0.26,61.98
Bill,BillB1210,CIEN,Q4 2021,"Dec 9, 2021 BMO","Dec 5, 2021",0.87,"1,032"
Bill,BillB1210,CMTL,Q1 2022,"Dec 9, 2021 AMC","Dec 5, 2021",-0.12,119.54
Bill,BillB1210,CHWY,Q3 2021,"Dec 9, 2021 AMC","Dec 5, 2021",-0.02,"2,249"
Bill,BillB1210,MTN,Q1 2022,"Dec 9, 2021 AMC","Dec 5, 2021",-3.41,220.51
Bill,BillB1210,AVGO,Q4 2021,"Dec 9, 2021 AMC","Dec 5, 2021",7.76,"7,375"
Bill,BillB1210,COST,Q1 2022,"Dec 9, 2021 AMC","Dec 5, 2021",2.79,"54,800"
Bill,BillB1210,ORCL,Q2 2022,"Dec 9, 2021 AMC","Dec 5, 2021",1.15,"10,278"
Bill,BillB1210,LULU,Q3 2021,"Dec 9, 2021 AMC","Dec 5, 2021",1.62,"1,480"
Bill,BillB1210,MESA,Q4 2021,"Dec 9, 2021 AMC","Dec 5, 2021",0.14,147.95
Bill,BillB1210,PFSW,Q2 2021,"Dec 10, 2021 BMO","Nov 7, 2021",0.06,83.65
Bill,BillB1210,DXPE,Q3 2021,"Dec 10, 2021 BMO","Nov 20, 2021",0.47,296.9
Bill,BillB1210,JOUT,Q4 2021,"Dec 10, 2021 BMO","Dec 5, 2021",1.6,164.46
Bill,BillB1210,JOUT,Q3 2021,"Dec 10, 2021 BMO","Dec 5, 2021",0.81,172.83
Bill,BillB1210,GRUB,Q3 2021,"Dec 10, 2021 AMC","Oct 25, 2021",-0.12,577.67
Bill,BillB1210,EDU,Q4 2021,"Dec 13, 2021 BMO","Oct 24, 2021",0.05,"1,223"
Bill,BillB1210,TAL,Q2 2022,"Dec 13, 2021 BMO","Oct 30, 2021",0.02,"1,389"
Bill,BillB1210,JOBS,Q3 2021,"Dec 13, 2021 BMO","Nov 7, 2021",0.64,140.94
Bill,BillB1210,CYD,Q3 2021,"Dec 13, 2021 BMO","Nov 7, 2021",0.45,625.26
Bill,BillB1210,TCOM,Q3 2021,"Dec 15, 2021 AMC","Nov 20, 2021",0.17,887.02
Bill,BillB1210,CCJ,Q4 2021,"Feb 11, 2022 BMO","Oct 1, 2021 67 days ago",0.01,301.14
Bill,BillB1210,DISH,Q4 2021,"Feb 23, 2022 BMO","Nov 4, 2021",0.9,"4,472"
Bill,BillB1210,GSM,Q4 2021,"Feb 28, 2022 AMC","Nov 13, 2021",-0.05,440
Bill,BillB1210,SFL,Q4 2021,"Mar 1, 2022 BMO","Nov 14, 2021",0.29,143.5
Bill,BillB1210,PNTG,Q4 2021,"Mar 9, 2022 BMO","Nov 12, 2021",0.24,112.76
Bill,BillB1210,FREQ,Q4 2021,"Mar 30, 2022 BMO","Nov 20, 2021",-0.3,29.3
Medic2525,Medic2525,ARMK,Q1 2022,"Feb 8, 2022 BMO","May 11, 2021 210 days ago",0.44,"3,754"
Medic2525,Medic2525,WMB,Q4 2021,"Feb 16, 2022 AMC","Aug 2, 2021 127 days ago",0.33,"2,465"
Dominantstock,Dominantstock,FIZZ,Q2 2022,"Dec 9, 2021 BMO","Mar 5, 2021 277 days ago",0.52,283.76
Dominantstock,Dominantstock,CIEN,Q4 2021,"Dec 9, 2021 BMO","Jan 27, 2021 314 days ago",0.92,"1,036"
Dominantstock,Dominantstock,MTN,Q1 2022,"Dec 9, 2021 AMC","Apr 22, 2021 229 days ago",-2.8,252.26
Dominantstock,Dominantstock,GRUB,Q3 2021,"Dec 10, 2021 AMC","Nov 4, 2020 398 days ago",0.28,560.13
Dominantstock,Dominantstock,TTC,Q4 2021,"Dec 15, 2021 BMO","Aug 4, 2021 125 days ago",0.65,868.43
Dominantstock,Dominantstock,MU,Q1 2022,"Dec 20, 2021 AMC","Aug 24, 2021 105 days ago",2.65,"8,675"
Dominantstock,Dominantstock,FDS,Q1 2022,"Dec 21, 2021 BMO","Apr 21, 2021 230 days ago",2.97,407.66
Dominantstock,Dominantstock,CTAS,Q2 2022,"Dec 23, 2021 BMO","Jun 22, 2021 168 days ago",2.62,"1,929"
Dominantstock,Dominantstock,C,Q4 2021,"Jan 14, 2022 BMO","May 6, 2021 215 days ago",1.52,"17,099"
Dominantstock,Dominantstock,BAC,Q4 2021,"Jan 18, 2022 BMO","Mar 3, 2021 279 days ago",0.66,"20,975"
Dominantstock,Dominantstock,RJF,Q1 2022,"Jan 26, 2022 AMC","Aug 11, 2021 118 days ago",1.66,"2,564"
Dominantstock,Dominantstock,LRCX,Q2 2022,"Jan 26, 2022 AMC","Mar 31, 2021 251 days ago",6.31,"3,545"
Dominantstock,Dominantstock,AZPN,Q2 2022,"Jan 26, 2022 AMC","Jul 27, 2021 133 days ago",1.25,190.75
Dominantstock,Dominantstock,ALK,Q4 2021,"Jan 27, 2022 BMO","Apr 5, 2021 246 days ago",0.96,"1,821"
Dominantstock,Dominantstock,CAT,Q4 2021,"Jan 27, 2022 BMO","Feb 2, 2021 308 days ago",2.24,"12,500"
Dominantstock,Dominantstock,KNX,Q4 2021,"Feb 1, 2022 BMO","Aug 4, 2021 125 days ago",0.99,"1,346"
Dominantstock,Dominantstock,RACE,Q4 2021,"Feb 1, 2022 BMO","Mar 30, 2021 252 days ago",1.42,"1,340"
Dominantstock,Dominantstock,MKSI,Q4 2021,"Feb 1, 2022 AMC","Mar 31, 2021 251 days ago",2.26,664.18
Dominantstock,Dominantstock,EA,Q3 2022,"Feb 1, 2022 AMC","Sep 10, 2021 88 days ago",3.35,"2,512"
Dominantstock,Dominantstock,AAPL,Q1 2022,"Feb 1, 2022 AMC","Aug 12, 2021 117 days ago",1.83,"117,066"
Dominantstock,Dominantstock,SMG,Q1 2022,"Feb 2, 2022 BMO","Jul 27, 2021 133 days ago",-0.54,726.5
Dominantstock,Dominantstock,TMO,Q4 2021,"Feb 2, 2022 BMO","Jul 15, 2021 145 days ago",4.7,"8,630"
Dominantstock,Dominantstock,FB,Q4 2021,"Feb 2, 2022 AMC","Mar 18, 2021 264 days ago",3.87,"32,806"
Dominantstock,Dominantstock,TSLA,Q4 2021,"Feb 2, 2022 AMC","Jun 30, 2021 160 days ago",1.45,"14,420"
Dominantstock,Dominantstock,TDY,Q4 2021,"Feb 3, 2022 BMO","Feb 16, 2021 294 days ago",3.29,863.93
Dominantstock,Dominantstock,BR,Q2 2022,"Feb 3, 2022 BMO","Apr 2, 2021 249 days ago",0.91,"1,135"
Dominantstock,Dominantstock,XEL,Q4 2021,"Feb 3, 2022 BMO","Aug 3, 2021 126 days ago",0.6,"2,724"
Dominantstock,Dominantstock,ABMD,Q3 2022,"Feb 3, 2022 BMO","Feb 15, 2021 295 days ago",1.31,260.42
Dominantstock,Dominantstock,WRK,Q1 2022,"Feb 3, 2022 BMO","Apr 5, 2021 246 days ago",1.06,"4,687"
Dominantstock,Dominantstock,ALGN,Q4 2021,"Feb 3, 2022 AMC","Jul 5, 2021 155 days ago",2.69,949.52
Dominantstock,Dominantstock,AMZN,Q4 2021,"Feb 3, 2022 AMC","Jul 6, 2021 154 days ago",14.86,"149,012"
Dominantstock,Dominantstock,PFSI,Q4 2021,"Feb 3, 2022 AMC","Mar 10, 2021 272 days ago",3.6,807.19
Dominantstock,Dominantstock,BERY,Q1 2022,"Feb 4, 2022 BMO","Mar 10, 2021 272 days ago",1.4,"3,125"
Dominantstock,Dominantstock,CNC,Q4 2021,"Feb 8, 2022 BMO","Mar 2, 2021 280 days ago",0.74,"29,319"
Dominantstock,Dominantstock,ALLT,Q4 2021,"Feb 8, 2022 BMO","Jul 12, 2021 148 days ago",0.05,43.21
Dominantstock,Dominantstock,ARW,Q4 2021,"Feb 8, 2022 BMO","Feb 19, 2021 291 days ago",3.09,"8,619"
Dominantstock,Dominantstock,HCSG,Q4 2021,"Feb 8, 2022 BMO","Mar 9, 2021 273 days ago",0.33,426.34
Dominantstock,Dominantstock,PRO,Q4 2021,"Feb 8, 2022 AMC","Jun 3, 2021 187 days ago",-0.13,65.17
Dominantstock,Dominantstock,SNAP,Q4 2021,"Feb 8, 2022 AMC","Jun 4, 2021 186 days ago",0.21,"1,282"
Dominantstock,Dominantstock,SPOT,Q4 2021,"Feb 9, 2022 BMO","Mar 11, 2021 271 days ago",-0.46,"3,105"
Dominantstock,Dominantstock,RDWR,Q4 2021,"Feb 9, 2022 BMO","Apr 13, 2021 238 days ago",0.24,73.3
Dominantstock,Dominantstock,MTRX,Q2 2022,"Feb 9, 2022 AMC","Feb 10, 2021 300 days ago",0.17,200.77
Dominantstock,Dominantstock,PTON,Q2 2022,"Feb 9, 2022 AMC","Jul 21, 2021 139 days ago",0.16,"1,363"
Dominantstock,Dominantstock,YELP,Q4 2021,"Feb 9, 2022 AMC","Feb 12, 2021 298 days ago",0.12,271.61
Dominantstock,Dominantstock,TARO,Q3 2022,"Feb 9, 2022 AMC","Jun 14, 2021 176 days ago",1.04,151.8
Dominantstock,Dominantstock,BGCP,Q4 2021,"Feb 10, 2022 BMO","Jun 1, 2021 189 days ago",0.19,546.9
Dominantstock,Dominantstock,PRLB,Q4 2021,"Feb 10, 2022 BMO","May 21, 2021 200 days ago",0.51,124.47
Dominantstock,Dominantstock,ICE,Q4 2021,"Feb 10, 2022 BMO","Sep 6, 2021 92 days ago",1.28,"1,724"
Dominantstock,Dominantstock,TSN,Q1 2022,"Feb 10, 2022 BMO","Mar 4, 2021 278 days ago",1.65,"11,012"
Dominantstock,Dominantstock,TEVA,Q4 2021,"Feb 10, 2022 BMO","Mar 23, 2021 259 days ago",0.77,"4,424"
Ben Jen,benjenholdings,NETI,Q3 2021,"Dec 8, 2021 BMO","Oct 27, 2021",0.85,34.7
Ben Jen,benjenholdings,NM,Q3 2021,"Dec 8, 2021 BMO","Nov 23, 2021",2.5,149.94
Ben Jen,benjenholdings,THO,Q1 2022,"Dec 8, 2021 BMO","Nov 23, 2021",3.7,"3,600"
Ben Jen,benjenholdings,SPWH,Q3 2021,"Dec 8, 2021 AMC","Nov 17, 2021",0.62,396.92
Ben Jen,benjenholdings,GME,Q3 2021,"Dec 8, 2021 AMC","Nov 23, 2021",-0.35,"1,240"
Ben Jen,benjenholdings,PATH,Q3 2021,"Dec 8, 2021 AMC","Dec 6, 2021",0,213.34
Ben Jen,benjenholdings,PFSW,Q2 2021,"Dec 10, 2021 BMO","Oct 19, 2021 49 days ago",0.05,83.8
Ben Jen,benjenholdings,DXPE,Q3 2021,"Dec 10, 2021 BMO","Nov 9, 2021",0.49,297.6
Ben Jen,benjenholdings,GRUB,Q3 2021,"Dec 10, 2021 AMC","Oct 26, 2021",-0.35,581.67
Ben Jen,benjenholdings,EDU,Q4 2021,"Dec 13, 2021 BMO","Dec 3, 2021",0.05,"1,100"
Ben Jen,benjenholdings,TAL,Q2 2022,"Dec 13, 2021 BMO","Oct 27, 2021",0.03,"1,375"
Ben Jen,benjenholdings,JOBS,Q3 2021,"Dec 13, 2021 BMO","Nov 10, 2021",0.56,141.04
Ben Jen,benjenholdings,CYD,Q3 2021,"Dec 13, 2021 BMO","Nov 10, 2021",0.44,622.26
Ben Jen,benjenholdings,TCOM,Q3 2021,"Dec 15, 2021 AMC","Nov 23, 2021",0.12,865.02
Ben Jen,benjenholdings,AXP,Q4 2021,"Jan 20, 2022 BMO","Oct 27, 2021",2,"11,638"
Ben Jen,benjenholdings,FB,Q4 2021,"Feb 2, 2022 AMC","Oct 27, 2021",3.95,"33,115"
Ben Jen,benjenholdings,SNAP,Q4 2021,"Feb 8, 2022 AMC","Oct 27, 2021",0.16,"1,250"
Ben Jen,benjenholdings,SRI,Q4 2021,"Mar 2, 2022 AMC","Oct 27, 2021",-0.1,194.94
Ben Jen,benjenholdings,PNTG,Q4 2021,"Mar 9, 2022 BMO","Nov 2, 2021",0.25,115.06
Ben Jen,benjenholdings,BLDP,Q4 2021,"Mar 9, 2022 AMC","Nov 9, 2021",-0.08,29.8
Ken Catucci,Catooch,THO,Q1 2022,"Dec 8, 2021 BMO","Nov 24, 2021",3.63,"3,610"
Ken Catucci,Catooch,SPWH,Q3 2021,"Dec 8, 2021 AMC","Nov 24, 2021",0.61,395.02
Ken Catucci,Catooch,HOV,Q4 2021,"Dec 9, 2021 BMO","Sep 9, 2021 89 days ago",2.8,725
Ken Catucci,Catooch,PFSW,Q2 2021,"Dec 10, 2021 BMO","Oct 26, 2021",0.06,83.52
Ken Catucci,Catooch,DXPE,Q3 2021,"Dec 10, 2021 BMO","Nov 23, 2021",0.5,297.4
Ken Catucci,Catooch,GRUB,Q3 2021,"Dec 10, 2021 AMC","Oct 25, 2021",-0.1,581.67
Ken Catucci,Catooch,EDU,Q4 2021,"Dec 13, 2021 BMO","Oct 25, 2021",0.04,"1,145"
Ken Catucci,Catooch,TAL,Q2 2022,"Dec 13, 2021 BMO","Oct 27, 2021",0.03,"1,380"
Ken Catucci,Catooch,JOBS,Q3 2021,"Dec 13, 2021 BMO","Nov 24, 2021",0.61,139.44
Ken Catucci,Catooch,CYD,Q3 2021,"Dec 13, 2021 BMO","Nov 24, 2021",0.45,620.26
Ken Catucci,Catooch,TCOM,Q3 2021,"Dec 15, 2021 AMC","Nov 23, 2021",0.08,850.02
Ken Catucci,Catooch,CNMD,Q4 2021,"Jan 26, 2022 AMC","Oct 27, 2021",1.13,284.66
Ken Catucci,Catooch,NETI,Q4 2021,"Jan 31, 2022 BMO","Nov 23, 2021",0.37,40
Ken Catucci,Catooch,MHO,Q4 2021,"Feb 3, 2022 BMO","Oct 27, 2021",3.49,"1,046"
Ken Catucci,Catooch,TLRY,Q2 2022,"Feb 16, 2022 BMO","Nov 23, 2021",-0.16,225.26
Ken Catucci,Catooch,CSV,Q4 2021,"Feb 16, 2022 AMC","Oct 27, 2021",0.65,86.75
Ken Catucci,Catooch,RIG,Q4 2021,"Feb 21, 2022 AMC","Nov 1, 2021",-0.14,668.15
Ken Catucci,Catooch,KRA,Q4 2021,"Feb 22, 2022 AMC","Oct 27, 2021",0.68,442.17
Ken Catucci,Catooch,NM,Q4 2021,"Feb 23, 2022 BMO","Nov 23, 2021",2.25,150
Ken Catucci,Catooch,MESO,Q2 2022,"Feb 23, 2022 AMC","Nov 23, 2021",-0.17,2.6
Ken Catucci,Catooch,VMW,Q4 2022,"Feb 24, 2022 AMC","Nov 23, 2021",1.9,"3,554"
Ken Catucci,Catooch,DELL,Q4 2022,"Feb 24, 2022 AMC","Nov 23, 2021",2.01,"25,624"
Ken Catucci,Catooch,SPOK,Q4 2021,"Mar 2, 2022 AMC","Oct 27, 2021",-0.02,35
Ken Catucci,Catooch,PLAN,Q4 2022,"Mar 2, 2022 AMC","Nov 23, 2021",-0.08,155.21
Ken Catucci,Catooch,SNOW,Q4 2022,"Mar 2, 2022 AMC","Dec 2, 2021",0.04,376.86
Ken Catucci,Catooch,GPS,Q4 2021,"Mar 3, 2022 AMC","Nov 23, 2021",0.58,"5,161"
Ken Catucci,Catooch,DKS,Q4 2021,"Mar 8, 2022 BMO","Nov 23, 2021",2.5,"3,164"
Ken Catucci,Catooch,ORN,Q4 2021,"Mar 10, 2022 AMC","Oct 27, 2021",0.05,153.82
Ken Catucci,Catooch,GME,Q4 2021,"Mar 24, 2022 AMC","Nov 23, 2021",1.07,"2,034"
Ken Catucci,Catooch,AXAS,Q4 2021,"May 7, 2022 AMC","Nov 23, 2021",-0.11,16.26
Sean Udall,UdallTechStrat,AAPL,Q1 2022,"Feb 1, 2022 AMC","Jul 27, 2021 133 days ago",1.65,"115,335"
Sean Udall,UdallTechStrat,AAPL,Q2 2022,"May 3, 2022 AMC","Jul 27, 2021 133 days ago",1.15,"82,583"
webroker,webroker,NYT,Q4 2021,"Feb 3, 2022 BMO","May 30, 2021 191 days ago",0.39,556.72
webroker,webroker,NYT,Q1 2022,"May 4, 2022 BMO","May 30, 2021 191 days ago",0.28,505.6
Angie Storozynski,GHS_39,AEP,Q4 2021,"Jan 27, 2022 BMO","Oct 17, 2021 51 days ago",0.92,
Angie Storozynski,GHS_39,NEE,Q4 2021,"Jan 28, 2022 BMO","Oct 19, 2021 49 days ago",0.44,
Angie Storozynski,GHS_39,D,Q4 2021,"Jan 31, 2022 BMO","Oct 21, 2021 47 days ago",0.96,
Angie Storozynski,GHS_39,CMS,Q4 2021,"Feb 3, 2022 BMO","Oct 22, 2021 46 days ago",0.51,
Angie Storozynski,GHS_39,ATO,Q1 2022,"Feb 8, 2022 AMC","Jun 24, 2021 166 days ago",1.7,
Angie Storozynski,GHS_39,DTE,Q4 2021,"Feb 9, 2022 BMO","Oct 17, 2021 51 days ago",0.7,
Angie Storozynski,GHS_39,EXC,Q4 2021,"Feb 9, 2022 BMO","Nov 16, 2021",0.88,
Angie Storozynski,GHS_39,PPL,Q4 2021,"Feb 17, 2022 BMO","Oct 22, 2021 46 days ago",0.38,
Angie Storozynski,GHS_39,DUK,Q4 2021,"Feb 17, 2022 BMO","Oct 22, 2021 46 days ago",1.01,
Angie Storozynski,GHS_39,PCG,Q4 2021,"Feb 17, 2022 BMO","Nov 1, 2021",0.27,
Angie Storozynski,GHS_39,FE,Q4 2021,"Feb 22, 2022 AMC","Nov 1, 2021",0.51,
Angie Storozynski,GHS_39,AWK,Q4 2021,"Feb 22, 2022 AMC","Nov 3, 2021",0.83,
Angie Storozynski,GHS_39,EIX,Q4 2021,"Feb 22, 2022 AMC","Nov 29, 2021",1.02,
Angie Storozynski,GHS_39,SO,Q4 2021,"Feb 23, 2022 BMO","Oct 22, 2021 46 days ago",0.32,
Angie Storozynski,GHS_39,WTRG,Q4 2021,"Feb 23, 2022 BMO","Oct 22, 2021 46 days ago",0.43,
Angie Storozynski,GHS_39,ETR,Q4 2022,"Feb 23, 2022 BMO","Sep 24, 2021 74 days ago",1.34,
Angie Storozynski,GHS_39,ES,Q4 2021,"Feb 23, 2022 AMC","Oct 21, 2021 47 days ago",0.92,
Angie Storozynski,GHS_39,AWR,Q4 2021,"Feb 23, 2022 AMC","Nov 29, 2021",0.46,
Angie Storozynski,GHS_39,CWT,Q4 2021,"Feb 24, 2022 BMO","Oct 29, 2021",-0.02,
Angie Storozynski,GHS_39,PEG,Q4 2021,"Feb 25, 2022 BMO","Nov 19, 2021",0.67,
Angie Storozynski,GHS_39,EVRG,Q4 2021,"Feb 25, 2022 BMO","Oct 22, 2021 46 days ago",0.27,
Angie Storozynski,GHS_39,SRE,Q4 2021,"Mar 1, 2022 BMO","Oct 22, 2021 46 days ago",2.02,
Angie Storozynski,GHS_39,AES,Q4 2021,"Mar 2, 2022 AMC","Nov 5, 2021",0.44,
Angie Storozynski,GHS_39,NEE,Q1 2022,"Apr 26, 2022 BMO","Jun 24, 2021 166 days ago",0.61,
Angie Storozynski,GHS_39,FE,Q1 2022,"Apr 26, 2022 AMC","Nov 7, 2021",0.43,
Angie Storozynski,GHS_39,DTE,Q1 2022,"Apr 27, 2022 BMO","Jul 28, 2021 132 days ago",1.76,
Angie Storozynski,GHS_39,ETR,Q1 2022,"Apr 27, 2022 BMO","Sep 24, 2021 74 days ago",1.34,
Angie Storozynski,GHS_39,CWT,Q1 2022,"Apr 28, 2022 BMO","Oct 29, 2021",-0.05,
Angie Storozynski,GHS_39,CMS,Q1 2022,"Apr 28, 2022 BMO","Jun 24, 2021 166 days ago",0.85,
Angie Storozynski,GHS_39,AEP,Q1 2022,"Apr 28, 2022 BMO","Oct 17, 2021 51 days ago",1.12,
Angie Storozynski,GHS_39,EIX,Q1 2022,"May 2, 2022 AMC","Oct 22, 2021 46 days ago",1.62,
Angie Storozynski,GHS_39,AWR,Q1 2022,"May 3, 2022 AMC","Nov 29, 2021",0.56,
Angie Storozynski,GHS_39,SO,Q1 2022,"May 4, 2022 BMO","Jun 24, 2021 166 days ago",0.85,
Angie Storozynski,GHS_39,PEG,Q1 2022,"May 4, 2022 BMO","Nov 19, 2021",1.31,
Angie Storozynski,GHS_39,EXC,Q1 2022,"May 4, 2022 BMO","Nov 16, 2021",0.97,
Angie Storozynski,GHS_39,ES,Q1 2022,"May 4, 2022 AMC","Oct 21, 2021 47 days ago",1.19,
Angie Storozynski,GHS_39,WTRG,Q1 2022,"May 4, 2022 AMC","Jun 24, 2021 166 days ago",0.62,
Angie Storozynski,GHS_39,AWK,Q1 2022,"May 4, 2022 AMC","Aug 13, 2021 116 days ago",0.76,
Angie Storozynski,GHS_39,ATO,Q2 2022,"May 4, 2022 AMC","Jun 24, 2021 166 days ago",2.26,
Angie Storozynski,GHS_39,PCG,Q1 2022,"May 5, 2022 BMO","Nov 1, 2021",0.27,
Angie Storozynski,GHS_39,PPL,Q1 2022,"May 5, 2022 BMO","Oct 4, 2021 64 days ago",0.36,
Angie Storozynski,GHS_39,D,Q1 2022,"May 5, 2022 BMO","Jun 24, 2021 166 days ago",0.85,
Angie Storozynski,GHS_39,AES,Q1 2022,"May 9, 2022 BMO","Dec 6, 2021",0.3,
Angie Storozynski,GHS_39,SRE,Q1 2022,"May 10, 2022 BMO","Jun 24, 2021 166 days ago",3.3,
Angie Storozynski,GHS_39,EVRG,Q1 2022,"May 11, 2022 BMO","Jul 7, 2021 153 days ago",0.55,
Angie Storozynski,GHS_39,DUK,Q1 2022,"May 12, 2022 BMO","Jun 24, 2021 166 days ago",1.22,
Angie Storozynski,GHS_39,NEE,Q2 2022,"Jul 27, 2022 BMO","Oct 19, 2021 49 days ago",0.65,
Angie Storozynski,GHS_39,DTE,Q2 2022,"Jul 27, 2022 BMO","Jul 28, 2021 132 days ago",0.98,
Angie Storozynski,GHS_39,CWT,Q2 2022,"Jul 28, 2022 BMO","Jun 24, 2021 166 days ago",0.56,
Angie Storozynski,GHS_39,PCG,Q2 2022,"Jul 28, 2022 BMO","Jun 24, 2021 166 days ago",0.3,
Angie Storozynski,GHS_29,AEP,Q4 2021,"Jan 27, 2022 BMO","Apr 22, 2021 229 days ago",0.96,
Angie Storozynski,GHS_29,NEE,Q4 2021,"Jan 28, 2022 BMO","Apr 20, 2021 231 days ago",0.81,
Angie Storozynski,GHS_29,D,Q4 2021,"Jan 31, 2022 BMO","Apr 20, 2021 231 days ago",0.72,
Angie Storozynski,GHS_29,CMS,Q4 2021,"Feb 3, 2022 BMO","May 24, 2021 197 days ago",0.44,
Angie Storozynski,GHS_29,ATO,Q1 2022,"Feb 8, 2022 AMC","Oct 16, 2020 417 days ago",1.7,
Angie Storozynski,GHS_29,DTE,Q4 2021,"Feb 9, 2022 BMO","Jun 10, 2021 180 days ago",0.83,
Angie Storozynski,GHS_29,EXC,Q4 2021,"Feb 9, 2022 BMO","Jun 16, 2021 174 days ago",1.35,
Angie Storozynski,GHS_29,PPL,Q4 2021,"Feb 17, 2022 BMO","Apr 20, 2021 231 days ago",0.09,
Angie Storozynski,GHS_29,DUK,Q4 2021,"Feb 17, 2022 BMO","May 25, 2021 196 days ago",0.88,
Angie Storozynski,GHS_29,PCG,Q4 2021,"Feb 17, 2022 BMO","May 19, 2021 202 days ago",0.26,
Angie Storozynski,GHS_29,FE,Q4 2021,"Feb 22, 2022 AMC","May 25, 2021 196 days ago",0.35,
Angie Storozynski,GHS_29,AWK,Q4 2021,"Feb 22, 2022 AMC","May 12, 2021 209 days ago",1.04,
Angie Storozynski,GHS_29,EIX,Q4 2021,"Feb 22, 2022 AMC","May 19, 2021 202 days ago",1.95,
Angie Storozynski,GHS_29,SO,Q4 2021,"Feb 23, 2022 BMO","Apr 30, 2021 221 days ago",0.37,
Angie Storozynski,GHS_29,WTRG,Q4 2021,"Feb 23, 2022 BMO","May 12, 2021 209 days ago",0.42,
Angie Storozynski,GHS_29,ETR,Q4 2022,"Feb 23, 2022 BMO","Mar 25, 2021 257 days ago",1.36,
Angie Storozynski,GHS_29,ES,Q4 2021,"Feb 23, 2022 AMC","Apr 30, 2021 221 days ago",0.95,
Angie Storozynski,GHS_29,AWR,Q4 2021,"Feb 23, 2022 AMC","May 12, 2021 209 days ago",0.54,
Angie Storozynski,GHS_29,CWT,Q4 2021,"Feb 24, 2022 BMO","May 12, 2021 209 days ago",0.68,
Angie Storozynski,GHS_29,PEG,Q4 2021,"Feb 25, 2022 BMO","May 24, 2021 197 days ago",0.51,
Angie Storozynski,GHS_29,SRE,Q4 2021,"Mar 1, 2022 BMO","Apr 7, 2021 244 days ago",2.33,
Angie Storozynski,GHS_29,AES,Q4 2021,"Mar 2, 2022 AMC","May 7, 2021 214 days ago",0.55,
Angie Storozynski,GHS_29,NEE,Q1 2022,"Apr 26, 2022 BMO","Apr 20, 2021 231 days ago",0.61,
Angie Storozynski,GHS_29,FE,Q1 2022,"Apr 26, 2022 AMC","May 25, 2021 196 days ago",0.42,
Angie Storozynski,GHS_29,DTE,Q1 2022,"Apr 27, 2022 BMO","Apr 7, 2021 244 days ago",1.72,
Angie Storozynski,GHS_29,ETR,Q1 2022,"Apr 27, 2022 BMO","Mar 25, 2021 257 days ago",1.27,
Angie Storozynski,GHS_29,CWT,Q1 2022,"Apr 28, 2022 BMO","Mar 4, 2021 278 days ago",-0.09,
Angie Storozynski,GHS_29,CMS,Q1 2022,"Apr 28, 2022 BMO","Jun 10, 2021 180 days ago",0.85,
Angie Storozynski,GHS_29,AEP,Q1 2022,"Apr 28, 2022 BMO","Apr 20, 2021 231 days ago",1.12,
Angie Storozynski,GHS_29,EIX,Q1 2022,"May 2, 2022 AMC","May 19, 2021 202 days ago",1.62,
Angie Storozynski,GHS_29,AWR,Q1 2022,"May 3, 2022 AMC","Nov 16, 2020 386 days ago",0.53,
Angie Storozynski,GHS_29,SO,Q1 2022,"May 4, 2022 BMO","Apr 30, 2021 221 days ago",0.85,
Angie Storozynski,GHS_29,PEG,Q1 2022,"May 4, 2022 BMO","May 24, 2021 197 days ago",1.3,
Angie Storozynski,GHS_29,EXC,Q1 2022,"May 4, 2022 BMO","Jun 16, 2021 174 days ago",0.88,
Angie Storozynski,GHS_29,ES,Q1 2022,"May 4, 2022 AMC","Apr 30, 2021 221 days ago",1.18,
Angie Storozynski,GHS_29,WTRG,Q1 2022,"May 4, 2022 AMC","Apr 16, 2021 235 days ago",0.62,
Angie Storozynski,GHS_29,AWK,Q1 2022,"May 4, 2022 AMC","Jan 8, 2021 333 days ago",0.79,
Angie Storozynski,GHS_29,ATO,Q2 2022,"May 4, 2022 AMC","Oct 16, 2020 417 days ago",2.26,
Angie Storozynski,GHS_29,PCG,Q1 2022,"May 5, 2022 BMO","May 19, 2021 202 days ago",0.28,
Angie Storozynski,GHS_29,PPL,Q1 2022,"May 5, 2022 BMO","Mar 19, 2021 263 days ago",0.65,
Angie Storozynski,GHS_29,D,Q1 2022,"May 5, 2022 BMO","Feb 16, 2021 294 days ago",0.85,
Angie Storozynski,GHS_29,AES,Q1 2022,"May 9, 2022 BMO","Aug 6, 2020 488 days ago",0.3,
Angie Storozynski,GHS_29,SRE,Q1 2022,"May 10, 2022 BMO","Jun 15, 2020 540 days ago",3.3,
Angie Storozynski,GHS_29,DUK,Q1 2022,"May 12, 2022 BMO","Feb 16, 2021 294 days ago",1.22,
Angie Storozynski,GHS_29,NEE,Q2 2022,"Jul 27, 2022 BMO","Apr 20, 2021 231 days ago",0.65,
Angie Storozynski,GHS_29,DTE,Q2 2022,"Jul 27, 2022 BMO","Jun 10, 2021 180 days ago",1.06,
Angie Storozynski,GHS_29,CWT,Q2 2022,"Jul 28, 2022 BMO","Mar 4, 2021 278 days ago",0.56,
Angie Storozynski,GHS_29,PCG,Q2 2022,"Jul 28, 2022 BMO","May 19, 2021 202 days ago",0.3,
Angie Storozynski,GHS_29,CMS,Q2 2022,"Jul 28, 2022 BMO","Jun 10, 2021 180 days ago",0.53,
Angie Storozynski,GHS_29,AEP,Q2 2022,"Jul 28, 2022 BMO","Jan 12, 2021 329 days ago",1.24,
ED_ETT_2109695,ED_ETT_2109695,THO,Q1 2022,"Dec 8, 2021 BMO","Nov 22, 2021",3.93,"3,625"
ED_ETT_2109695,ED_ETT_2109695,LOVE,Q3 2022,"Dec 8, 2021 BMO","Dec 6, 2021",-0.27,113.45
ED_ETT_2109695,ED_ETT_2109695,RH,Q3 2021,"Dec 8, 2021 AMC","Dec 6, 2021",6.82,986.52
ED_ETT_2109695,ED_ETT_2109695,COST,Q1 2022,"Dec 9, 2021 AMC","Dec 6, 2021",2.83,"54,125"
ED_ETT_2109695,ED_ETT_2109695,ORCL,Q2 2022,"Dec 9, 2021 AMC","Nov 22, 2021",1.15,"10,220"
ED_ETT_2109695,ED_ETT_2109695,LULU,Q3 2021,"Dec 9, 2021 AMC","Nov 22, 2021",1.61,"1,505"
ED_ETT_2109695,ED_ETT_2109695,LEN,Q4 2021,"Dec 15, 2021 AMC","Dec 6, 2021",4.26,"8,612"
ED_ETT_2109695,ED_ETT_2109695,ACN,Q1 2022,"Dec 16, 2021 BMO","Dec 6, 2021",2.67,"14,225"
ED_ETT_2109695,ED_ETT_2109695,ADBE,Q4 2021,"Dec 16, 2021 AMC","Nov 22, 2021",3.29,"4,109"
ED_ETT_2109695,ED_ETT_2109695,FDX,Q2 2022,"Dec 16, 2021 AMC","Dec 6, 2021",4.27,"22,525"
ED_ETT_2109695,ED_ETT_2109695,DRI,Q2 2022,"Dec 17, 2021 BMO","Dec 6, 2021",1.54,"2,280"
ED_ETT_2109695,ED_ETT_2109695,KMX,Q3 2022,"Dec 17, 2021 BMO","Oct 8, 2021 60 days ago",1.45,"7,909"
ED_ETT_2109695,ED_ETT_2109695,NKE,Q2 2022,"Dec 20, 2021 AMC","Dec 6, 2021",0.69,"11,495"
ED_ETT_2109695,ED_ETT_2109695,MU,Q1 2022,"Dec 20, 2021 AMC","Dec 6, 2021",2.15,"7,790"
ED_ETT_2109695,ED_ETT_2109695,MCD,Q4 2021,"Jan 24, 2022 BMO","Nov 10, 2021",2.65,"6,359"
ED_ETT_2109695,ED_ETT_2109695,SPGI,Q4 2021,"Feb 8, 2022 BMO","Nov 10, 2021",3.32,"2,151"
ED_ETT_2109695,ED_ETT_2109695,PTON,Q2 2022,"Feb 9, 2022 AMC","Nov 10, 2021",-1.4,"1,111"
ED_ETT_2109695,ED_ETT_2109695,SSNC,Q4 2021,"Feb 16, 2022 AMC","Nov 10, 2021",1.33,"1,269"
ED_ETT_2109695,ED_ETT_2109695,HD,Q4 2021,"Feb 22, 2022 BMO","Dec 6, 2021",3.39,"36,121"
ED_ETT_2109695,ED_ETT_2109695,ENPH,Q4 2021,"Mar 1, 2022 AMC","Nov 10, 2021",0.68,401.25
Kevin DeGeeter,Oppenheimer_67,NVTA,Q4 2021,"Feb 14, 2022 AMC","Jun 28, 2021 162 days ago",-1E+18,"-1,000,000,000,000,000,000.00"
Kevin DeGeeter,Oppenheimer_67,MDWD,Q4 2021,"Feb 23, 2022 BMO","Nov 16, 2021",-0.14,5.61
Kevin DeGeeter,Oppenheimer_67,NVCR,Q4 2021,"Feb 24, 2022 BMO","Oct 28, 2021",-0.02,143.95
Kevin DeGeeter,Oppenheimer_67,EXAS,Q4 2021,"Feb 24, 2022 AMC","Nov 3, 2021 35 days ago",-0.96,436.65
Kevin DeGeeter,Oppenheimer_67,IONS,Q4 2021,"Mar 1, 2022 BMO","Dec 7, 2021",2.82,390.07
Kevin DeGeeter,Oppenheimer_67,FLGT,Q4 2021,"Mar 3, 2022 AMC","Nov 9, 2021",2.56,189.46
Kevin DeGeeter,Oppenheimer_67,INFI,Q4 2021,"Mar 15, 2022 BMO","Nov 2, 2021 35 days ago",-0.14,0.2
Kevin DeGeeter,Oppenheimer_67,FLGT,Q1 2022,"May 9, 2022 AMC","Nov 9, 2021",2.03,168.52
Kevin DeGeeter,Oppenheimer_67,INFI,Q1 2022,"May 10, 2022 AMC","Nov 2, 2021",-0.15,0.2
Kevin DeGeeter,Oppenheimer_67,INFI,Q2 2022,"Aug 4, 2022 AMC","Nov 2, 2021",-0.16,0.2
Kevin DeGeeter,Oppenheimer_67,FLGT,Q2 2022,"Aug 8, 2022 AMC","Nov 9, 2021",1.39,130.98
Kevin DeGeeter,Oppenheimer_67,FLGT,Q3 2022,"Nov 7, 2022 AMC","Nov 9, 2021",1.31,129.3
Kevin DeGeeter,Oppenheimer_67,INFI,Q3 2022,"Nov 8, 2022 AMC","Nov 2, 2021",-0.17,0.2
Kevin DeGeeter,Oppenheimer_67,FLGT,Q4 2022,"Mar 2, 2023 AMC","Nov 9, 2021",1.31,132.59
Kevin DeGeeter,Oppenheimer_67,INFI,Q4 2022,"Mar 14, 2023 BMO","Nov 2, 2021",-0.17,0.2
DF_5082802,DF_5082802,CPB,Q1 2022,"Dec 8, 2021 BMO","Nov 2, 2021",0.86,"2,278"
DF_5082802,DF_5082802,THO,Q1 2022,"Dec 8, 2021 BMO","Nov 2, 2021",4,"3,621"
DF_5082802,DF_5082802,UNFI,Q1 2022,"Dec 8, 2021 BMO","Dec 1, 2021",0.63,"6,775"
DF_5082802,DF_5082802,RH,Q3 2021,"Dec 8, 2021 AMC","Dec 1, 2021",7.02,988.75
DF_5082802,DF_5082802,HRL,Q4 2021,"Dec 9, 2021 BMO","Nov 17, 2021",0.5,"3,239"
DF_5082802,DF_5082802,AVGO,Q4 2021,"Dec 9, 2021 AMC","Dec 1, 2021",7.8,"7,380"
DF_5082802,DF_5082802,COST,Q1 2022,"Dec 9, 2021 AMC","Dec 1, 2021",2.7,"49,975"
DF_5082802,DF_5082802,LULU,Q3 2021,"Dec 9, 2021 AMC","Dec 1, 2021",1.59,"1,492"
DF_5082802,DF_5082802,ADBE,Q4 2021,"Dec 16, 2021 AMC","Dec 1, 2021",3.29,"4,110"
DF_5082802,DF_5082802,DRI,Q2 2022,"Dec 17, 2021 BMO","Nov 17, 2021",1.55,"2,258"
DF_5082802,DF_5082802,JNJ,Q4 2021,"Jan 25, 2022 BMO","Oct 20, 2021 48 days ago",2.28,"25,145"
DF_5082802,DF_5082802,GOOGL,Q4 2021,"Feb 2, 2022 AMC","Nov 10, 2021",28.77,"60,290"
Scott Hendricks,shendricks,CPB,Q1 2022,"Dec 8, 2021 BMO","Nov 14, 2021",0.84,"2,294"
Scott Hendricks,shendricks,PLAB,Q4 2021,"Dec 8, 2021 BMO","Nov 29, 2021",0.26,177.4
Scott Hendricks,shendricks,SPWH,Q3 2021,"Dec 8, 2021 AMC","Nov 14, 2021",0.66,411.42
Scott Hendricks,shendricks,GME,Q3 2021,"Dec 8, 2021 AMC","Nov 14, 2021",-0.22,"1,256"
Scott Hendricks,shendricks,HRL,Q4 2021,"Dec 9, 2021 BMO","Nov 21, 2021",0.52,"3,319"
Scott Hendricks,shendricks,MTN,Q1 2022,"Dec 9, 2021 AMC","Nov 21, 2021",-3.51,204.31
Scott Hendricks,shendricks,AVGO,Q4 2021,"Dec 9, 2021 AMC","Nov 30, 2021",7.91,"7,435"
Scott Hendricks,shendricks,COST,Q1 2022,"Dec 9, 2021 AMC","Nov 29, 2021",2.77,"49,925"
Scott Hendricks,shendricks,ORCL,Q2 2022,"Dec 9, 2021 AMC","Dec 5, 2021",1.17,"10,328"
Scott Hendricks,shendricks,LULU,Q3 2021,"Dec 9, 2021 AMC","Nov 29, 2021",1.78,"1,542"
Scott Hendricks,shendricks,GRUB,Q3 2021,"Dec 10, 2021 AMC","Oct 26, 2021",-0.14,590.67
Scott Hendricks,shendricks,HEXO,Q1 2022,"Dec 13, 2021 BMO","Nov 29, 2021",-0.17,43.85
Scott Hendricks,shendricks,TCOM,Q3 2021,"Dec 15, 2021 AMC","Nov 14, 2021",0.15,867.08
Scott Hendricks,shendricks,ADBE,Q4 2021,"Dec 16, 2021 AMC","Dec 5, 2021",3.33,"4,190"
Scott Hendricks,shendricks,BB,Q3 2022,"Dec 16, 2021 AMC","Dec 5, 2021",-0.05,181.77
Scott Hendricks,shendricks,DRI,Q2 2022,"Dec 17, 2021 BMO","Dec 5, 2021",1.58,"2,297"
Scott Hendricks,shendricks,NKE,Q2 2022,"Dec 20, 2021 AMC","Dec 5, 2021",0.77,"11,635"
Rob Ford,Old_Mayor,CPB,Q1 2022,"Dec 8, 2021 BMO","Dec 7, 2021",0.89,"2,293"
Rob Ford,Old_Mayor,PLAB,Q4 2021,"Dec 8, 2021 BMO","Dec 7, 2021",0.26,176.6
Rob Ford,Old_Mayor,SPWH,Q3 2021,"Dec 8, 2021 AMC","Nov 17, 2021",0.68,402.83
Rob Ford,Old_Mayor,GME,Q3 2021,"Dec 8, 2021 AMC","Nov 19, 2021",-0.35,"1,240"
Rob Ford,Old_Mayor,MTN,Q1 2022,"Dec 9, 2021 AMC","Dec 2, 2021",-3.5,231.52
Rob Ford,Old_Mayor,GRUB,Q3 2021,"Dec 10, 2021 AMC","Nov 10, 2021",-0.4,586.67
Rob Ford,Old_Mayor,TCOM,Q3 2021,"Dec 15, 2021 AMC","Nov 19, 2021",0.23,869
AAFED,AAFED,CPB,Q1 2022,"Dec 8, 2021 BMO","Aug 29, 2021 100 days ago",0.89,"2,260"
AAFED,AAFED,PLAB,Q4 2021,"Dec 8, 2021 BMO","Aug 22, 2021 107 days ago",0.25,174.9
AAFED,AAFED,SPWH,Q3 2021,"Dec 8, 2021 AMC","Aug 29, 2021 100 days ago",0.67,385
AAFED,AAFED,GME,Q3 2021,"Dec 8, 2021 AMC","Nov 19, 2021",-0.22,"1,240"
AAFED,AAFED,HRL,Q4 2021,"Dec 9, 2021 BMO","Aug 29, 2021 100 days ago",0.52,"3,030"
AAFED,AAFED,MTN,Q1 2022,"Dec 9, 2021 AMC","Sep 20, 2021 78 days ago",-3.3,245
AAFED,AAFED,AVGO,Q4 2021,"Dec 9, 2021 AMC","Aug 29, 2021 100 days ago",7.58,"7,250"
AAFED,AAFED,COST,Q1 2022,"Dec 9, 2021 AMC","Sep 13, 2021 85 days ago",2.48,"47,000"
AAFED,AAFED,ORCL,Q2 2022,"Dec 9, 2021 AMC","Sep 13, 2021 85 days ago",1.15,"10,300"
AAFED,AAFED,LULU,Q3 2021,"Dec 9, 2021 AMC","Sep 5, 2021 93 days ago",1.41,"1,420"
AAFED,AAFED,GRUB,Q3 2021,"Dec 10, 2021 AMC","Nov 8, 2021",-0.21,580
AAFED,AAFED,HEXO,Q1 2022,"Dec 13, 2021 BMO","Nov 19, 2021",-0.12,40.95
AAFED,AAFED,TCOM,Q3 2021,"Dec 15, 2021 AMC","Sep 20, 2021 78 days ago",0.3,"1,200"
AAFED,AAFED,ADBE,Q4 2021,"Dec 16, 2021 AMC","Sep 20, 2021 78 days ago",3.22,"4,055"
AAFED,AAFED,BB,Q3 2022,"Dec 16, 2021 AMC","Sep 13, 2021 85 days ago",-0.01,200
AAFED,AAFED,DRI,Q2 2022,"Dec 17, 2021 BMO","Sep 13, 2021 85 days ago",1.55,"2,211"
AAFED,AAFED,NKE,Q2 2022,"Dec 20, 2021 AMC","Sep 20, 2021 78 days ago",1.1,"12,780"
AAFED,AAFED,RAD,Q3 2022,"Dec 23, 2021 BMO","Aug 29, 2021 100 days ago",-0.19,"6,399"
AAFED,AAFED,LNN,Q1 2022,"Jan 6, 2022 BMO","Oct 18, 2021 50 days ago",0.85,135
AAFED,AAFED,CALM,Q2 2022,"Jan 7, 2022 AMC","Sep 20, 2021 78 days ago",0.14,370
AAFED,AAFED,DAL,Q4 2021,"Jan 18, 2022 BMO","Oct 12, 2021 56 days ago",0.27,"8,600"
AAFED,AAFED,UAL,Q4 2021,"Jan 18, 2022 AMC","Oct 18, 2021 50 days ago",-0.89,"8,188"
AAFED,AAFED,NFLX,Q4 2021,"Jan 18, 2022 AMC","Oct 18, 2021 50 days ago",1.15,"7,676"
AAFED,AAFED,KMI,Q4 2021,"Jan 19, 2022 AMC","Oct 18, 2021 50 days ago",0.3,"3,450"
AAFED,AAFED,SLB,Q4 2021,"Jan 21, 2022 BMO","Oct 18, 2021 50 days ago",0.43,"6,200"
AAFED,AAFED,HAL,Q4 2021,"Jan 24, 2022 BMO","Oct 13, 2021 55 days ago",0.34,"4,100"
AAFED,AAFED,MCD,Q4 2021,"Jan 24, 2022 BMO","Oct 18, 2021 50 days ago",2.3,"5,950"
AAFED,AAFED,IBM,Q4 2021,"Jan 24, 2022 AMC","Oct 18, 2021 50 days ago",4.18,"20,800"
AAFED,AAFED,JJSF,Q1 2022,"Jan 24, 2022 AMC","Nov 8, 2021",0.99,299
AAFED,AAFED,JNJ,Q4 2021,"Jan 25, 2022 BMO","Oct 18, 2021 50 days ago",2.26,"25,000"
AAFED,AAFED,CCL,Q4 2021,"Jan 25, 2022 BMO","Sep 5, 2021 93 days ago",-1.22,"1,490"
AAFED,AAFED,WOLF,Q2 2022,"Jan 25, 2022 AMC","Oct 18, 2021 50 days ago",-0.22,156
AAFED,AAFED,HZO,Q1 2022,"Jan 26, 2022 BMO","Oct 25, 2021",1.3,465
AAFED,AAFED,GD,Q4 2021,"Jan 26, 2022 BMO","Oct 27, 2021",3.5,"11,000"
AAFED,AAFED,INTC,Q4 2021,"Jan 26, 2022 AMC","Oct 18, 2021 50 days ago",1.05,"18,300"
AAFED,AAFED,LVS,Q4 2021,"Jan 26, 2022 AMC","Oct 18, 2021 50 days ago",-0.01,"1,620"
AAFED,AAFED,NOW,Q4 2021,"Jan 26, 2022 AMC","Oct 27, 2021",1.51,"1,600"
AAFED,AAFED,LRCX,Q2 2022,"Jan 26, 2022 AMC","Oct 18, 2021 50 days ago",8.7,"4,444"
AAFED,AAFED,CMCSA,Q4 2021,"Jan 27, 2022 BMO","Oct 27, 2021",0.85,"30,000"
AAFED,AAFED,JBLU,Q4 2021,"Jan 27, 2022 BMO","Oct 18, 2021 50 days ago",-0.17,"1,895"
AAFED,AAFED,AAL,Q4 2021,"Jan 27, 2022 BMO","Oct 18, 2021 50 days ago",-0.95,"9,260"
AAFED,AAFED,VFC,Q3 2022,"Jan 27, 2022 BMO","Oct 18, 2021 50 days ago",1.33,"3,510"
AAFED,AAFED,LUV,Q4 2021,"Jan 27, 2022 BMO","Oct 18, 2021 50 days ago",0,"4,770"
AAFED,AAFED,MO,Q4 2021,"Jan 27, 2022 BMO","Oct 27, 2021",1.1,"5,000"
AAFED,AAFED,BC,Q4 2021,"Jan 27, 2022 BMO","Oct 25, 2021",1.41,"1,360"
AAFED,AAFED,ALK,Q4 2021,"Jan 27, 2022 BMO","Oct 18, 2021 50 days ago",0.63,"1,888"
AAFED,AAFED,MKC,Q4 2021,"Jan 27, 2022 BMO","Sep 13, 2021 85 days ago",0.91,"1,717"
AAFED,AAFED,ADS,Q4 2021,"Jan 27, 2022 BMO","Oct 25, 2021",2.6,"1,175"
AAFED,AAFED,FICO,Q1 2022,"Jan 27, 2022 AMC","Nov 8, 2021",3.07,331
AAFED,AAFED,SBUX,Q1 2022,"Jan 27, 2022 AMC","Oct 27, 2021",0.93,"7,850"
larrylai,larrylai,CPB,Q1 2022,"Dec 8, 2021 BMO","Nov 5, 2021",0.83,"2,280"
larrylai,larrylai,SPWH,Q3 2021,"Dec 8, 2021 AMC","Nov 3, 2021",0.61,391
larrylai,larrylai,GME,Q3 2021,"Dec 8, 2021 AMC","Nov 5, 2021",-0.5,"1,198"
larrylai,larrylai,HRL,Q4 2021,"Dec 9, 2021 BMO","Nov 5, 2021",0.5,"3,222"
larrylai,larrylai,MTN,Q1 2022,"Dec 9, 2021 AMC","Nov 4, 2021",-3.5,200
larrylai,larrylai,AVGO,Q4 2021,"Dec 9, 2021 AMC","Nov 17, 2021",7.77,"7,396"
larrylai,larrylai,COST,Q1 2022,"Dec 9, 2021 AMC","Nov 5, 2021",2.7,"49,009"
larrylai,larrylai,ORCL,Q2 2022,"Dec 9, 2021 AMC","Nov 22, 2021",1.12,"10,266"
larrylai,larrylai,LULU,Q3 2021,"Dec 9, 2021 AMC","Nov 17, 2021",1.5,"1,449"
larrylai,larrylai,GRUB,Q3 2021,"Dec 10, 2021 AMC","Oct 18, 2021 50 days ago",-0.05,580
larrylai,larrylai,HEXO,Q1 2022,"Dec 13, 2021 BMO","Nov 17, 2021",-0.07,43
larrylai,larrylai,TCOM,Q3 2021,"Dec 15, 2021 AMC","Nov 4, 2021",0.11,899
larrylai,larrylai,ADBE,Q4 2021,"Dec 16, 2021 AMC","Nov 22, 2021",3.26,"4,165"
larrylai,larrylai,BB,Q3 2022,"Dec 16, 2021 AMC","Nov 22, 2021",-0.06,179.1
larrylai,larrylai,DRI,Q2 2022,"Dec 17, 2021 BMO","Nov 5, 2021",1.48,"2,234"
larrylai,larrylai,NKE,Q2 2022,"Dec 20, 2021 AMC","Nov 17, 2021",0.73,"11,510"
Stephanie Benjamin,Suntrust_105,LSTR,Q4 2021,"Jan 26, 2022 AMC","Oct 21, 2021 47 days ago",2.6,"1,726"
Stephanie Benjamin,Suntrust_105,MNRO,Q3 2022,"Feb 3, 2022 BMO","Jul 28, 2021 132 days ago",0.48,334
Stephanie Benjamin,Suntrust_105,SAIA,Q4 2021,"Feb 4, 2022 BMO","Jul 29, 2021 131 days ago",1.95,538
Stephanie Benjamin,Suntrust_105,AN,Q4 2021,"Feb 4, 2022 BMO","Oct 21, 2021 47 days ago",5.25,"6,512"
Stephanie Benjamin,Suntrust_105,ABG,Q4 2021,"Feb 8, 2022 BMO","Oct 4, 2021 64 days ago",7.65,"3,069"
Stephanie Benjamin,Suntrust_105,VVV,Q1 2022,"Feb 9, 2022 AMC","Aug 5, 2021 124 days ago",0.43,780
Stephanie Benjamin,Suntrust_105,PAG,Q4 2021,"Feb 10, 2022 BMO","Oct 7, 2021 61 days ago",3.29,"6,418"
Stephanie Benjamin,Suntrust_105,R,Q4 2021,"Feb 16, 2022 BMO","Jul 29, 2021 132 days ago",1.85,"2,375"
Stephanie Benjamin,Suntrust_105,KAR,Q4 2021,"Feb 22, 2022 AMC","Sep 22, 2021 76 days ago",,489
Stephanie Benjamin,Suntrust_105,CPRT,Q2 2022,"Feb 22, 2022 AMC","Sep 9, 2021 89 days ago",0.92,714
Stephanie Benjamin,Suntrust_105,XPO,Q4 2021,"Feb 23, 2022 AMC","Aug 26, 2021 103 days ago",1.01,"2,975"
Stephanie Benjamin,Suntrust_105,LKQ,Q4 2021,"Feb 24, 2022 BMO","Jul 30, 2021 130 days ago",0.71,"3,079"
Stephanie Benjamin,Suntrust_105,AAWW,Q4 2021,"Feb 24, 2022 BMO","Aug 5, 2021 124 days ago",4.53,"1,035"
Stephanie Benjamin,Suntrust_105,ATSG,Q4 2021,"Mar 7, 2022 AMC","Aug 6, 2021 123 days ago",0.57,466
Stephanie Benjamin,Suntrust_105,IAA,Q4 2021,"Mar 23, 2022 BMO","Aug 3, 2021 126 days ago",,414
Stephanie Benjamin,Suntrust_105,AN,Q1 2022,"Apr 21, 2022 BMO","Oct 21, 2021 47 days ago",4.86,"6,567"
Stephanie Benjamin,Suntrust_105,ABG,Q1 2022,"Apr 26, 2022 BMO","Oct 4, 2021 64 days ago",6.91,"4,010"
Stephanie Benjamin,Suntrust_105,SAIA,Q1 2022,"Apr 27, 2022 BMO","Jul 29, 2021 131 days ago",1.93,539
Stephanie Benjamin,Suntrust_105,PAG,Q1 2022,"Apr 27, 2022 BMO","Oct 7, 2021 61 days ago",3.01,"6,413"
Stephanie Benjamin,Suntrust_105,LSTR,Q1 2022,"Apr 27, 2022 AMC","Oct 21, 2021 47 days ago",2.37,"1,579"
Stephanie Benjamin,Suntrust_105,VVV,Q2 2022,"Apr 27, 2022 AMC","Aug 5, 2021 124 days ago",0.49,779
Stephanie Benjamin,Suntrust_105,LKQ,Q1 2022,"Apr 28, 2022 BMO","Jul 30, 2021 130 days ago",0.9,"3,260"
Stephanie Benjamin,Suntrust_105,AAWW,Q1 2022,"May 4, 2022 BMO","Oct 4, 2021 64 days ago",2.05,937
Stephanie Benjamin,Suntrust_105,XPO,Q1 2022,"May 4, 2022 AMC","Aug 26, 2021 103 days ago",1.04,"3,071"
Stephanie Benjamin,Suntrust_105,ATSG,Q1 2022,"May 10, 2022 AMC","Aug 6, 2021 123 days ago",0.4,429
Stephanie Benjamin,Suntrust_105,IAA,Q1 2022,"May 11, 2022 BMO","Aug 3, 2021 126 days ago",,422
Stephanie Benjamin,Suntrust_105,MNRO,Q4 2022,"May 19, 2022 BMO","Jul 28, 2021 132 days ago",0.41,321
Stephanie Benjamin,Suntrust_105,CPRT,Q3 2022,"May 25, 2022 AMC","Sep 9, 2021 89 days ago",0.98,748
Stephanie Benjamin,Suntrust_105,ABG,Q2 2022,"Jul 26, 2022 BMO","Oct 4, 2021 64 days ago",7.13,"4,145"
Stephanie Benjamin,Suntrust_105,LSTR,Q2 2022,"Jul 27, 2022 AMC","Oct 21, 2021 47 days ago",2.49,"1,593"
Stephanie Benjamin,Suntrust_105,AN,Q2 2022,"Jul 28, 2022 BMO","Oct 21, 2021 47 days ago",5.12,"7,100"
Stephanie Benjamin,Suntrust_105,LKQ,Q2 2022,"Jul 28, 2022 BMO","Jul 30, 2021 130 days ago",0.98,"3,457"
Stephanie Benjamin,Suntrust_105,PAG,Q2 2022,"Jul 28, 2022 BMO","Oct 7, 2021 61 days ago",2.91,"6,537"
Stephanie Benjamin,Suntrust_105,SAIA,Q2 2022,"Jul 29, 2022 BMO","Jul 29, 2021 131 days ago",2.63,591
Stephanie Benjamin,Suntrust_105,XPO,Q2 2022,"Aug 3, 2022 AMC","Aug 26, 2021 103 days ago",1.25,"3,265"
Stephanie Benjamin,Suntrust_105,VVV,Q3 2022,"Aug 3, 2022 AMC","Aug 5, 2021 124 days ago",0.59,818
Stephanie Benjamin,Suntrust_105,AAWW,Q2 2022,"Aug 4, 2022 BMO","Oct 4, 2021 64 days ago",2.43,971
Stephanie Benjamin,Suntrust_105,ATSG,Q2 2022,"Aug 8, 2022 AMC","Aug 6, 2021 123 days ago",0.41,436
Stephanie Benjamin,Suntrust_105,IAA,Q2 2022,"Aug 16, 2022 BMO","Aug 3, 2021 126 days ago",,436
Stephanie Benjamin,Suntrust_105,CPRT,Q4 2022,"Sep 20, 2022 AMC","Sep 9, 2021 89 days ago",0.97,750
Stephanie Benjamin,Suntrust_105,ABG,Q3 2022,"Oct 25, 2022 BMO","Oct 4, 2021 64 days ago",6.51,"4,038"
Stephanie Benjamin,Suntrust_105,PAG,Q3 2022,"Oct 26, 2022 BMO","Oct 7, 2021 61 days ago",2.68,"6,527"
Stephanie Benjamin,Suntrust_105,LSTR,Q3 2022,"Oct 26, 2022 AMC","Oct 21, 2021 47 days ago",2.39,"1,526"
Stephanie Benjamin,Suntrust_105,LKQ,Q3 2022,"Oct 27, 2022 BMO","Jul 30, 2021 130 days ago",0.96,"3,317"
Stephanie Benjamin,Suntrust_105,SAIA,Q3 2022,"Oct 27, 2022 BMO","Jul 29, 2021 131 days ago",2.52,589
Stephanie Benjamin,Suntrust_105,AN,Q3 2022,"Nov 1, 2022 BMO","Oct 21, 2021 47 days ago",4.39,"6,879"
Stephanie Benjamin,Suntrust_105,XPO,Q3 2022,"Nov 2, 2022 AMC","Aug 26, 2021 103 days ago",1.13,"3,171"
Stephanie Benjamin,Suntrust_105,AAWW,Q3 2022,"Nov 3, 2022 BMO","Oct 4, 2021 64 days ago",2.42,961
Stephanie Benjamin,Suntrust_105,ATSG,Q3 2022,"Nov 3, 2022 AMC","Aug 6, 2021 123 days ago",0.43,445
Stephanie Benjamin,Suntrust_105,VVV,Q4 2022,"Nov 9, 2022 AMC","Aug 5, 2021 124 days ago",0.59,834
Michael H,mikesmurf,MTN,Q1 2022,"Dec 9, 2021 AMC","Nov 5, 2021",-3.5,199.03
Michael H,mikesmurf,GRUB,Q3 2021,"Dec 10, 2021 AMC","Nov 3, 2021",-0.06,578.67
Michael H,mikesmurf,TAL,Q2 2022,"Dec 13, 2021 BMO","Nov 7, 2021",0.01,"1,358"
Michael H,mikesmurf,TCOM,Q3 2021,"Dec 15, 2021 AMC","Nov 5, 2021",0.06,855.52
Michael H,mikesmurf,CAKE,Q4 2021,"Feb 23, 2022 AMC","Nov 3, 2021",0.76,788.7
Michael H,mikesmurf,APA,Q4 2021,"Feb 24, 2022 AMC","Nov 3, 2021",1.41,"1,920"
Michael H,mikesmurf,BKNG,Q4 2021,"Mar 2, 2022 AMC","Nov 3, 2021",15,"2,900"
Philip Mascherino,Megaannum,EDU,Q4 2021,"Dec 13, 2021 BMO","Sep 26, 2021 72 days ago",0.04,"1,146"
Philip Mascherino,Megaannum,UPS,Q4 2021,"Feb 1, 2022 BMO","Oct 26, 2021",2.98,"26,850"
Philip Mascherino,Megaannum,PINS,Q4 2021,"Feb 10, 2022 AMC","Nov 29, 2021",0.51,838
Philip Mascherino,Megaannum,DOCU,Q4 2022,"Mar 17, 2022 AMC","Mar 26, 2021 256 days ago",1.09,750
David Hynes Jr.,Canaccord_188,TEAM,Q2 2022,"Jan 20, 2022 AMC","Oct 28, 2021",0.42,645
David Hynes Jr.,Canaccord_188,NOW,Q4 2021,"Jan 26, 2022 AMC","Oct 27, 2021",1.42,"1,608"
David Hynes Jr.,Canaccord_188,DT,Q3 2022,"Feb 2, 2022 BMO","Oct 27, 2021",,235
David Hynes Jr.,Canaccord_188,ZEN,Q4 2021,"Feb 8, 2022 AMC","Oct 28, 2021",0.26,371.76
David Hynes Jr.,Canaccord_188,AAIC,Q4 2021,"Feb 8, 2022 AMC","Jan 4, 2021 337 days ago",-0.17,48.18
David Hynes Jr.,Canaccord_188,BILL,Q2 2022,"Feb 10, 2022 AMC","May 7, 2021 215 days ago",-0.02,74.03
David Hynes Jr.,Canaccord_188,TWLO,Q4 2021,"Feb 15, 2022 AMC","May 7, 2020 580 days ago",0.08,520
David Hynes Jr.,Canaccord_188,HUBS,Q4 2021,"Feb 15, 2022 AMC","Nov 3, 2021",0.54,357.67
David Hynes Jr.,Canaccord_188,SHOP,Q4 2021,"Feb 16, 2022 BMO","Oct 28, 2021",1.51,"1,298"
David Hynes Jr.,Canaccord_188,AVLR,Q4 2021,"Feb 16, 2022 AMC","Nov 4, 2021",-0.07,185
David Hynes Jr.,Canaccord_188,FIVN,Q4 2021,"Feb 22, 2022 AMC","Nov 8, 2021",,165.5
David Hynes Jr.,Canaccord_188,EVBG,Q4 2021,"Feb 22, 2022 AMC","May 5, 2020 581 days ago",0.11,90
David Hynes Jr.,Canaccord_188,DBX,Q4 2021,"Feb 24, 2022 AMC","May 7, 2021 215 days ago",0.36,552.9
David Hynes Jr.,Canaccord_188,BAND,Q4 2021,"Feb 24, 2022 AMC","May 1, 2020 585 days ago",0.11,86
David Hynes Jr.,Canaccord_188,SAIL,Q4 2021,"Feb 24, 2022 AMC","May 8, 2020 578 days ago",0.11,102
David Hynes Jr.,Canaccord_188,WDAY,Q4 2022,"Feb 28, 2022 AMC","Nov 18, 2021",0.69,"1,363"
David Hynes Jr.,Canaccord_188,CRM,Q4 2022,"Mar 1, 2022 AMC","Nov 30, 2021",0.73,"7,234"
David Hynes Jr.,Canaccord_188,VEEV,Q4 2022,"Mar 1, 2022 AMC","Dec 2, 2021 5 days ago",0.8,480
David Hynes Jr.,Canaccord_188,ESTC,Q3 2022,"Mar 2, 2022 AMC","Jun 2, 2021 188 days ago",-0.12,202.5
David Hynes Jr.,Canaccord_188,PLAN,Q4 2022,"Mar 2, 2022 AMC","May 26, 2020 560 days ago",-0.03,145
David Hynes Jr.,Canaccord_188,SNOW,Q4 2022,"Mar 2, 2022 AMC","Dec 2, 2021",0.01,377.99
David Hynes Jr.,Canaccord_188,SPT,Q4 2021,"Mar 2, 2022 AMC","Nov 2, 2021",-0.07,51.3
David Hynes Jr.,Canaccord_188,ADSK,Q4 2022,"Mar 3, 2022 AMC","May 28, 2021 193 days ago",1.5,"1,221"
David Hynes Jr.,Canaccord_188,XM,Q4 2021,"Mar 8, 2022 AMC","Oct 20, 2021 48 days ago",-0.03,298
David Hynes Jr.,Canaccord_188,OKTA,Q4 2022,"Mar 10, 2022 AMC","May 29, 2020 557 days ago",-0.01,265
David Hynes Jr.,Canaccord_188,UPLD,Q4 2021,"Mar 10, 2022 AMC","Nov 3, 2021",0.35,75.2
David Hynes Jr.,Canaccord_188,MDB,Q4 2022,"Mar 16, 2022 AMC","Dec 6, 2021",-0.07,242
David Hynes Jr.,Canaccord_188,ONTF,Q4 2021,"Mar 16, 2022 AMC","Nov 10, 2021 27 days ago",-0.08,52
David Hynes Jr.,Canaccord_188,SMAR,Q4 2022,"Mar 22, 2022 AMC","Dec 2, 2021",-0.14,152
David Hynes Jr.,Canaccord_188,XM,Q1 2022,"Apr 20, 2022 AMC","Oct 20, 2021 48 days ago",-0.02,319
David Hynes Jr.,Canaccord_188,NOW,Q1 2022,"Apr 27, 2022 AMC","Oct 27, 2021",1.62,"1,718"
David Hynes Jr.,Canaccord_188,SHOP,Q1 2022,"May 3, 2022 BMO","Oct 28, 2021",1.13,"1,230"
David Hynes Jr.,Canaccord_188,ZEN,Q1 2022,"May 3, 2022 AMC","Nov 18, 2021",0.25,384
David Hynes Jr.,Canaccord_188,AAIC,Q1 2022,"May 4, 2022 BMO","Jan 4, 2021 337 days ago",-0.22,49.5
David Hynes Jr.,Canaccord_188,HUBS,Q1 2022,"May 4, 2022 AMC","Nov 3, 2021",0.42,378
David Hynes Jr.,Canaccord_188,FIVN,Q1 2022,"May 4, 2022 AMC","Nov 8, 2021",,174.5
David Hynes Jr.,Canaccord_188,TEAM,Q3 2022,"May 5, 2022 AMC","Oct 28, 2021",0.39,660
David Hynes Jr.,Canaccord_188,AVLR,Q1 2022,"May 11, 2022 AMC","Nov 4, 2021",-0.07,196
David Hynes Jr.,Canaccord_188,ONTF,Q1 2022,"May 11, 2022 AMC","Nov 10, 2021",-0.06,53.5
David Hynes Jr.,Canaccord_188,SPT,Q1 2022,"May 11, 2022 AMC","Nov 2, 2021",-0.06,54.5
David Hynes Jr.,Canaccord_188,DBX,Q1 2022,"May 12, 2022 AMC","May 7, 2021 215 days ago",0.36,562.5
David Hynes Jr.,Canaccord_188,UPLD,Q1 2022,"May 12, 2022 AMC","Nov 3, 2021",0.33,76
David Hynes Jr.,Canaccord_188,BILL,Q3 2022,"May 12, 2022 AMC","May 7, 2021 215 days ago",0,80.04
David Hynes Jr.,Canaccord_188,DT,Q4 2022,"May 17, 2022 BMO","Oct 27, 2021",,247.91
David Hynes Jr.,Canaccord_188,CRM,Q1 2023,"May 19, 2022 AMC","Nov 30, 2021",0.89,"7,250"
David Hynes Jr.,Canaccord_188,SNOW,Q1 2023,"May 25, 2022 AMC","Dec 2, 2021",-0.02,421.98
David Hynes Jr.,Canaccord_188,VEEV,Q1 2023,"May 26, 2022 AMC","Dec 2, 2021",,510
David Hynes Jr.,Canaccord_188,ADSK,Q1 2023,"May 26, 2022 AMC","May 28, 2021 193 days ago",1.62,"1,225"
David Hynes Jr.,Canaccord_188,WDAY,Q1 2023,"May 31, 2022 AMC","Nov 18, 2021",0.72,"1,398"
David Hynes Jr.,Canaccord_188,ESTC,Q4 2022,"Jun 8, 2022 AMC","Jun 2, 2021 188 days ago",-0.12,225
Baba_Yara,Baba_Yara,LULU,Q3 2021,"Dec 9, 2021 AMC","Nov 11, 2021",1.5,"1,500"
Baba_Yara,Baba_Yara,TEAM,Q2 2022,"Jan 20, 2022 AMC","Oct 21, 2021 47 days ago",0.57,646
Baba_Yara,Baba_Yara,AMD,Q4 2021,"Feb 1, 2022 AMC","Sep 29, 2021 69 days ago",0.75,"4,400"
Baba_Yara,Baba_Yara,ZEN,Q4 2021,"Feb 8, 2022 AMC","Sep 26, 2021 72 days ago",0.27,370
Baba_Yara,Baba_Yara,SNAP,Q4 2021,"Feb 8, 2022 AMC","Sep 28, 2021 70 days ago",0.18,"1,400"
Baba_Yara,Baba_Yara,PINS,Q4 2021,"Feb 10, 2022 AMC","Oct 28, 2021",0.55,900
Baba_Yara,Baba_Yara,ACGL,Q4 2021,"Feb 14, 2022 AMC","Sep 5, 2021 93 days ago",1.06,"2,150"
Baba_Yara,Baba_Yara,DDOG,Q4 2021,"Feb 17, 2022 AMC","Nov 11, 2021",0.12,290
Baba_Yara,Baba_Yara,NET,Q4 2021,"Feb 17, 2022 AMC","Oct 28, 2021",-0.03,174.54
Baba_Yara,Baba_Yara,ROKU,Q4 2021,"Feb 24, 2022 AMC","Nov 11, 2021",0.12,904.52
Baba_Yara,Baba_Yara,DBX,Q4 2021,"Feb 24, 2022 AMC","Oct 28, 2021",0.41,568.74
Baba_Yara,Baba_Yara,AXON,Q4 2021,"Mar 1, 2022 AMC","Nov 3, 2021",0.36,236
Baba_Yara,Baba_Yara,ROST,Q4 2021,"Mar 1, 2022 AMC","Sep 5, 2021 93 days ago",1.07,"4,950"
Baba_Yara,Baba_Yara,VEEV,Q4 2022,"Mar 1, 2022 AMC","Dec 5, 2021",0.92,490
Baba_Yara,Baba_Yara,SQ,Q4 2021,"Mar 2, 2022 AMC","Nov 11, 2021",0.29,"4,138"
Baba_Yara,Baba_Yara,PSTG,Q4 2022,"Mar 3, 2022 AMC","Nov 3, 2021",0.23,607.03
Baba_Yara,Baba_Yara,CELH,Q4 2021,"Mar 10, 2022 BMO","Nov 11, 2021",0.06,73
Baba_Yara,Baba_Yara,DOCU,Q4 2022,"Mar 17, 2022 AMC","Nov 11, 2021",0.47,601.96
Baba_Yara,Baba_Yara,CRWD,Q4 2022,"Mar 24, 2022 AMC","Dec 5, 2021",0.22,420
Baba_Yara,Baba_Yara,TEAM,Q3 2022,"May 5, 2022 AMC","Oct 21, 2021 47 days ago",0.5,687
Baba_Yara,Baba_Yara,VEEV,Q1 2023,"May 26, 2022 AMC","Dec 5, 2021",0.99,515
Baba_Yara,Baba_Yara,CRWD,Q1 2023,"Jul 21, 2022 AMC","Dec 5, 2021",0.2,455
Phil_C,Phil_C,ORCL,Q2 2022,"Dec 9, 2021 AMC","Aug 31, 2021 98 days ago",1.1,"10,350"
Phil_C,Phil_C,TEAM,Q2 2022,"Jan 20, 2022 AMC","Oct 29, 2021",0.5,650
Phil_C,Phil_C,INTC,Q4 2021,"Jan 26, 2022 AMC","Jul 12, 2021 148 days ago",1.35,"20,500"
Phil_C,Phil_C,NOW,Q4 2021,"Jan 26, 2022 AMC","Oct 26, 2021",1.55,"1,600"
Phil_C,Phil_C,MSFT,Q2 2022,"Jan 27, 2022 AMC","Oct 20, 2021 48 days ago",2.35,"50,000"
Phil_C,Phil_C,PYPL,Q4 2021,"Feb 2, 2022 AMC","Oct 7, 2021 62 days ago",1.32,"7,300"
Phil_C,Phil_C,FB,Q4 2021,"Feb 2, 2022 AMC","Oct 20, 2021 48 days ago",4.5,"35,500"
Phil_C,Phil_C,TSLA,Q4 2021,"Feb 2, 2022 AMC","Oct 20, 2021 48 days ago",1.6,"15,200"
Phil_C,Phil_C,GOOGL,Q4 2021,"Feb 2, 2022 AMC","Oct 25, 2021",26.5,"60,000"
Phil_C,Phil_C,AMZN,Q4 2021,"Feb 3, 2022 AMC","Oct 27, 2021",16,"150,000"
Phil_C,Phil_C,FROG,Q4 2021,"Feb 10, 2022 AMC","Nov 2, 2021",0.04,60
Phil_C,Phil_C,COIN,Q4 2021,"Feb 10, 2022 AMC","Nov 6, 2021",1.9,"1,750"
Phil_C,Phil_C,PLTR,Q4 2021,"Feb 15, 2022 BMO","Nov 8, 2021",0.07,425
Phil_C,Phil_C,TWLO,Q4 2021,"Feb 15, 2022 AMC","Oct 20, 2021 48 days ago",-0.1,750
Phil_C,Phil_C,HUBS,Q4 2021,"Feb 15, 2022 AMC","Nov 2, 2021",0.55,360
Phil_C,Phil_C,SHOP,Q4 2021,"Feb 16, 2022 BMO","Oct 27, 2021",1.85,"1,400"
Phil_C,Phil_C,AVLR,Q4 2021,"Feb 16, 2022 AMC","Nov 3, 2021",0.04,190
Phil_C,Phil_C,TTD,Q4 2021,"Feb 17, 2022 BMO","Nov 2, 2021",0.5,450
Phil_C,Phil_C,DDOG,Q4 2021,"Feb 17, 2022 AMC","Oct 20, 2021 48 days ago",0.1,270
Phil_C,Phil_C,EVBG,Q4 2021,"Feb 22, 2022 AMC","Aug 4, 2021 125 days ago",-0.04,102
Phil_C,Phil_C,PEGA,Q4 2021,"Feb 24, 2022 AMC","Oct 20, 2021 48 days ago",0.12,370
Phil_C,Phil_C,ABNB,Q4 2021,"Feb 24, 2022 AMC","Nov 2, 2021",0.15,"1,800"
Phil_C,Phil_C,CFLT,Q4 2021,"Feb 24, 2022 AMC","Nov 4, 2021",-0.15,112
Phil_C,Phil_C,CRM,Q4 2022,"Mar 1, 2022 AMC","Aug 4, 2021 125 days ago",1.35,"7,250"
Phil_C,Phil_C,SNOW,Q4 2022,"Mar 2, 2022 AMC","Sep 7, 2021 91 days ago",-0.1,375
Phil_C,Phil_C,ADSK,Q4 2022,"Mar 3, 2022 AMC","Aug 4, 2021 125 days ago",1.5,"1,220"
Phil_C,Phil_C,ZM,Q4 2022,"Mar 9, 2022 AMC","Aug 4, 2021 125 days ago",1.35,"1,100"
Phil_C,Phil_C,MDB,Q4 2022,"Mar 16, 2022 AMC","Aug 31, 2021 98 days ago",-0.2,230
Phil_C,Phil_C,DOCU,Q4 2022,"Mar 17, 2022 AMC","Aug 31, 2021 98 days ago",0.5,600
Phil_C,Phil_C,ORCL,Q3 2022,"Mar 17, 2022 AMC","Aug 31, 2021 98 days ago",1.2,"10,700"
Phil_C,Phil_C,GOOGL,Q1 2022,"Apr 27, 2022 AMC","Oct 25, 2021",28,"60,000"
Phil_C,Phil_C,NOW,Q1 2022,"Apr 27, 2022 AMC","Oct 26, 2021",1.85,"1,700"
Phil_C,Phil_C,FB,Q1 2022,"Apr 27, 2022 AMC","Oct 20, 2021 48 days ago",4,"33,000"
Phil_C,Phil_C,AMZN,Q1 2022,"Apr 28, 2022 AMC","Oct 27, 2021",18,"135,000"
Phil_C,Phil_C,MSFT,Q3 2022,"Apr 28, 2022 AMC","Oct 20, 2021 48 days ago",2.26,"50,000"
Phil_C,Phil_C,SHOP,Q1 2022,"May 3, 2022 BMO","Oct 27, 2021",1.45,"1,400"
Phil_C,Phil_C,TWLO,Q1 2022,"May 3, 2022 AMC","Oct 20, 2021 48 days ago",-0.05,790
Phil_C,Phil_C,TSLA,Q1 2022,"May 4, 2022 AMC","Oct 20, 2021 48 days ago",1.7,"16,500"
Phil_C,Phil_C,HUBS,Q1 2022,"May 4, 2022 AMC","Nov 2, 2021",0.5,390
Phil_C,Phil_C,TEAM,Q3 2022,"May 5, 2022 AMC","Oct 29, 2021",0.45,740
Phil_C,Phil_C,FROG,Q1 2022,"May 5, 2022 AMC","Nov 2, 2021",0.04,65
Phil_C,Phil_C,EVBG,Q1 2022,"May 9, 2022 AMC","Aug 4, 2021 125 days ago",-0.04,110
Phil_C,Phil_C,PLTR,Q1 2022,"May 10, 2022 BMO","Nov 8, 2021",0.08,450
Phil_C,Phil_C,PEGA,Q1 2022,"May 11, 2022 AMC","Oct 20, 2021 48 days ago",0.3,375
Phil_C,Phil_C,AVLR,Q1 2022,"May 11, 2022 AMC","Nov 3, 2021",0.05,200
Phil_C,Phil_C,CFLT,Q1 2022,"May 11, 2022 AMC","Nov 4, 2021",-0.15,125
Phil_C,Phil_C,TTD,Q1 2022,"May 12, 2022 BMO","Nov 2, 2021",0.4,400
Phil_C,Phil_C,ABNB,Q1 2022,"May 12, 2022 AMC","Nov 2, 2021",0.3,"1,750"
Phil_C,Phil_C,COIN,Q1 2022,"May 12, 2022 AMC","Nov 6, 2021",2,"1,850"
Phil_C,Phil_C,DDOG,Q1 2022,"May 16, 2022 AMC","Oct 20, 2021 48 days ago",0.1,295
robert brand,rbrandx,THO,Q1 2022,"Dec 8, 2021 BMO","Nov 24, 2021",3.99,"3,700"
robert brand,rbrandx,LULU,Q3 2021,"Dec 9, 2021 AMC","Sep 8, 2021 90 days ago",1.48,"1,414"
robert brand,rbrandx,MGA,Q4 2021,"Feb 25, 2022 BMO","Nov 5, 2021",1.2,"9,600"
Natallia,Natallia,NETI,Q3 2021,"Dec 8, 2021 BMO","Oct 30, 2021",0.58,40
Natallia,Natallia,VRA,Q3 2022,"Dec 8, 2021 BMO","Dec 6, 2021",0.24,135.51
Natallia,Natallia,RH,Q3 2021,"Dec 8, 2021 AMC","Dec 7, 2021",6.99,993.95
Natallia,Natallia,GME,Q3 2021,"Dec 8, 2021 AMC","Dec 7, 2021",-0.46,"1,247"
Natallia,Natallia,PATH,Q3 2021,"Dec 8, 2021 AMC","Dec 6, 2021",-0.06,205.34
Natallia,Natallia,HOV,Q4 2021,"Dec 9, 2021 BMO","Dec 6, 2021",11,730
Natallia,Natallia,COST,Q1 2022,"Dec 9, 2021 AMC","Dec 7, 2021",2.86,"54,800"
Natallia,Natallia,ORCL,Q2 2022,"Dec 9, 2021 AMC","Dec 7, 2021",1.16,"10,344"
Natallia,Natallia,LULU,Q3 2021,"Dec 9, 2021 AMC","Dec 1, 2021",1.85,"1,551"
Natallia,Natallia,PFSW,Q2 2021,"Dec 10, 2021 BMO","Nov 14, 2021",0.05,85
Natallia,Natallia,DXPE,Q3 2021,"Dec 10, 2021 BMO","Nov 18, 2021",0.55,295.1
Natallia,Natallia,JOUT,Q4 2021,"Dec 10, 2021 BMO","Dec 7, 2021",0.98,175
Natallia,Natallia,GRUB,Q3 2021,"Dec 10, 2021 AMC","Nov 3, 2021",-0.4,600
Natallia,Natallia,EDU,Q4 2021,"Dec 13, 2021 BMO","Nov 11, 2021",0.02,"1,064"
Natallia,Natallia,TAL,Q2 2022,"Dec 13, 2021 BMO","Nov 19, 2021",-0.05,"1,325"
Natallia,Natallia,JOBS,Q3 2021,"Dec 13, 2021 BMO","Nov 11, 2021",0.55,160
Natallia,Natallia,CYD,Q3 2021,"Dec 13, 2021 BMO","Nov 19, 2021",0.39,598.26
Natallia,Natallia,CLSK,Q4 2021,"Dec 14, 2021 AMC","Nov 1, 2021",0.1,23
Natallia,Natallia,MCD,Q4 2021,"Jan 24, 2022 BMO","Nov 10, 2021",2.58,"6,190"
Natallia,Natallia,CLF,Q4 2021,"Jan 27, 2022 BMO","Nov 2, 2021",1.4,"5,900"
Natallia,Natallia,FB,Q4 2021,"Feb 2, 2022 AMC","Oct 29, 2021",3.9,"33,900"
Natallia,Natallia,U,Q4 2021,"Feb 3, 2022 AMC","Dec 3, 2021",-0.08,291.26
Natallia,Natallia,VOYA,Q4 2021,"Feb 9, 2022 AMC","Nov 21, 2021",2.45,"1,750"
Natallia,Natallia,HUBS,Q4 2021,"Feb 15, 2022 AMC","Nov 23, 2021",0.58,365.2
Natallia,Natallia,TLRY,Q2 2022,"Feb 16, 2022 BMO","Nov 24, 2021",-0.07,200
Natallia,Natallia,NVDA,Q4 2022,"Feb 17, 2022 AMC","Nov 18, 2021",0.98,"6,908"
Natallia,Natallia,ODP,Q4 2021,"Feb 23, 2022 BMO","Nov 3, 2021",0.74,"2,017"
Natallia,Natallia,DOCN,Q4 2021,"Feb 24, 2022 BMO","Nov 17, 2021",0.02,120.51
Natallia,Natallia,VALE,Q4 2021,"Feb 24, 2022 AMC","Dec 1, 2021",0.66,"11,800"
Natallia,Natallia,PTRA,Q4 2021,"Feb 25, 2022 AMC","Nov 14, 2021",0.5,68
Natallia,Natallia,HZNP,Q4 2021,"Mar 2, 2022 BMO","Nov 21, 2021",1.64,"1,029"
Natallia,Natallia,PDCO,Q3 2022,"Mar 3, 2022 BMO","Dec 1, 2021",0.58,"1,630"
Natallia,Natallia,KR,Q4 2021,"Mar 3, 2022 BMO","Dec 1, 2021",0.8,"32,700"
Natallia,Natallia,DQ,Q4 2021,"Mar 8, 2022 BMO","Oct 28, 2021",3.5,600
Natallia,Natallia,ULTA,Q4 2021,"Mar 10, 2022 AMC","Dec 1, 2021",5,"2,680"
Natallia,Natallia,CLF,Q1 2022,"Apr 28, 2022 BMO","Nov 2, 2021",1.68,"5,800"
Natallia,Natallia,ULTA,Q1 2022,"May 26, 2022 AMC","Dec 1, 2021",4.51,"2,250"
Natallia,Natallia,KR,Q1 2022,"Jun 16, 2022 BMO","Dec 1, 2021",1.19,"41,000"
Natallia,Natallia,CLF,Q2 2022,"Jul 22, 2022 BMO","Nov 2, 2021",1.37,"5,500"
Natallia,Natallia,ULTA,Q2 2022,"Aug 25, 2022 AMC","Dec 1, 2021",4.91,"2,500"
Natallia,Natallia,KR,Q2 2022,"Sep 9, 2022 BMO","Dec 1, 2021",0.9,"35,000"
Natallia,Natallia,CLF,Q3 2022,"Oct 27, 2022 BMO","Nov 2, 2021",1.39,"5,700"
Redhawk,Redhawk,COST,Q1 2022,"Dec 9, 2021 AMC","Aug 19, 2021 110 days ago",2.47,"47,500"
Redhawk,Redhawk,ORCL,Q2 2022,"Dec 9, 2021 AMC","Sep 28, 2021 70 days ago",1.15,"10,313"
Redhawk,Redhawk,ADBE,Q4 2021,"Dec 16, 2021 AMC","Aug 24, 2021 105 days ago",3.5,"4,350"
Redhawk,Redhawk,GIS,Q2 2022,"Dec 21, 2021 BMO","Aug 19, 2021 110 days ago",1.04,"4,750"
Redhawk,Redhawk,TEAM,Q2 2022,"Jan 20, 2022 AMC","Sep 14, 2021 84 days ago",0.58,650.56
Redhawk,Redhawk,CCL,Q4 2021,"Jan 25, 2022 BMO","Mar 29, 2021 253 days ago",-0.79,"2,605"
Redhawk,Redhawk,SHW,Q4 2021,"Jan 27, 2022 BMO","Jul 27, 2021 133 days ago",1.93,"4,800"
Redhawk,Redhawk,SBUX,Q1 2022,"Jan 27, 2022 AMC","Sep 9, 2021 89 days ago",0.9,"7,850"
Redhawk,Redhawk,AMD,Q4 2021,"Feb 1, 2022 AMC","Jul 30, 2021 130 days ago",0.53,"3,555"
Redhawk,Redhawk,SPOT,Q4 2021,"Feb 9, 2022 BMO","Aug 20, 2021 109 days ago",-0.29,"3,200"
Redhawk,Redhawk,ORLY,Q4 2021,"Feb 9, 2022 AMC","Oct 1, 2021 67 days ago",5.5,"2,900"
Redhawk,Redhawk,HUBS,Q4 2021,"Feb 15, 2022 AMC","Nov 16, 2021",0.55,367.3
Redhawk,Redhawk,DDOG,Q4 2021,"Feb 17, 2022 AMC","Sep 9, 2021 89 days ago",0.08,266
Redhawk,Redhawk,NCLH,Q4 2021,"Feb 24, 2022 BMO","Mar 29, 2021 253 days ago",-0.87,834.86
Redhawk,Redhawk,MELI,Q4 2021,"Feb 24, 2022 AMC","Aug 10, 2021 119 days ago",0.78,"2,100"
Redhawk,Redhawk,ZS,Q2 2022,"Feb 24, 2022 AMC","Aug 26, 2021 103 days ago",0.13,219.34
Redhawk,Redhawk,RBLX,Q4 2021,"Feb 24, 2022 AMC","Nov 19, 2021",0.15,880
Redhawk,Redhawk,NVAX,Q4 2021,"Feb 28, 2022 AMC","Aug 4, 2021 125 days ago",-0.21,"1,000"
Redhawk,Redhawk,CROX,Q4 2021,"Mar 2, 2022 BMO","Sep 14, 2021 84 days ago",1.68,575.37
Redhawk,Redhawk,TDOC,Q4 2021,"Mar 2, 2022 AMC","Sep 13, 2021 85 days ago",-0.5,590.86
Redhawk,Redhawk,GLBE,Q4 2021,"Mar 3, 2022 BMO","Jun 22, 2021 168 days ago",-0.05,75
Redhawk,Redhawk,ZM,Q4 2022,"Mar 9, 2022 AMC","Jul 29, 2021 131 days ago",1.18,"1,150"
Redhawk,Redhawk,ASAN,Q4 2022,"Mar 9, 2022 AMC","Nov 9, 2021",-0.18,115
Redhawk,Redhawk,COUP,Q4 2022,"Mar 14, 2022 AMC","Sep 3, 2021 95 days ago",-0.07,196.19
Redhawk,Redhawk,DOCU,Q4 2022,"Mar 17, 2022 AMC","Mar 16, 2021 266 days ago",0.45,574.5
Redhawk,Redhawk,ORCL,Q3 2022,"Mar 17, 2022 AMC","Sep 28, 2021 70 days ago",1.19,"10,800"
Redhawk,Redhawk,YY,Q4 2021,"Mar 21, 2022 AMC","Apr 14, 2021 237 days ago",0.99,952.65
Redhawk,Redhawk,CRWD,Q4 2022,"Mar 24, 2022 AMC","Aug 24, 2021 105 days ago",0.14,400
Redhawk,Redhawk,SBUX,Q2 2022,"Apr 28, 2022 AMC","Sep 9, 2021 89 days ago",0.85,"7,600"
Redhawk,Redhawk,TDOC,Q1 2022,"May 3, 2022 AMC","Sep 13, 2021 85 days ago",-0.43,610.19
Redhawk,Redhawk,SPOT,Q1 2022,"May 4, 2022 BMO","Aug 20, 2021 109 days ago",0.45,"3,100"
Redhawk,Redhawk,HUBS,Q1 2022,"May 4, 2022 AMC","Nov 16, 2021",0.52,389
Redhawk,Redhawk,TEAM,Q3 2022,"May 5, 2022 AMC","Sep 14, 2021 84 days ago",0.45,695
Redhawk,Redhawk,RBLX,Q1 2022,"May 9, 2022 AMC","Nov 19, 2021",0.22,800
Redhawk,Redhawk,CROX,Q1 2022,"May 10, 2022 BMO","Sep 14, 2021 84 days ago",1.76,551.81
Redhawk,Redhawk,DDOG,Q1 2022,"May 16, 2022 AMC","Sep 9, 2021 89 days ago",0.08,287
Redhawk,Redhawk,GLBE,Q1 2022,"Jun 2, 2022 BMO","Jun 22, 2021 168 days ago",-0.03,62
Redhawk,Redhawk,ZS,Q3 2022,"Jun 2, 2022 AMC","Aug 26, 2021 103 days ago",0.17,237.62
Redhawk,Redhawk,ASAN,Q1 2023,"Jun 2, 2022 AMC","Nov 9, 2021",-0.15,128
Redhawk,Redhawk,COUP,Q1 2023,"Jun 6, 2022 AMC","Sep 3, 2021 95 days ago",0.08,205
Redhawk,Redhawk,ZM,Q1 2023,"Jun 8, 2022 AMC","Jul 29, 2021 131 days ago",1.19,"1,216"
Redhawk,Redhawk,ORCL,Q4 2022,"Jun 22, 2022 AMC","Sep 28, 2021 70 days ago",1.45,"11,900"
Redhawk,Redhawk,CRWD,Q1 2023,"Jul 21, 2022 AMC","Aug 24, 2021 105 days ago",0.15,425
Redhawk,Redhawk,SPOT,Q2 2022,"Jul 28, 2022 BMO","Aug 20, 2021 109 days ago",0.22,"3,400"
Redhawk,Redhawk,TEAM,Q4 2022,"Jul 28, 2022 AMC","Sep 14, 2021 84 days ago",0.36,685
Redhawk,Redhawk,SBUX,Q3 2022,"Jul 28, 2022 AMC","Sep 9, 2021 89 days ago",1.03,"8,400"
Redhawk,Redhawk,TDOC,Q2 2022,"Aug 3, 2022 AMC","Sep 13, 2021 85 days ago",-0.35,655
Redhawk,Redhawk,HUBS,Q2 2022,"Aug 3, 2022 AMC","Nov 16, 2021",0.56,415
Redhawk,Redhawk,CROX,Q2 2022,"Aug 4, 2022 BMO","Sep 14, 2021 84 days ago",2.42,698.55
Redhawk,Redhawk,DDOG,Q2 2022,"Aug 11, 2022 AMC","Sep 9, 2021 89 days ago",0.12,319
Bigorangedave,Bigorangedave,CHWY,Q3 2021,"Dec 9, 2021 AMC","Dec 6, 2021",-0.01,"2,242"
Bigorangedave,Bigorangedave,ADBE,Q4 2021,"Dec 16, 2021 AMC","Dec 6, 2021",3.33,"4,142"
Bigorangedave,Bigorangedave,RGEN,Q4 2021,"Feb 24, 2022 BMO","Nov 1, 2021",0.94,184.42
Aram Balian,ABalian,TEAM,Q2 2022,"Jan 20, 2022 AMC","Sep 27, 2021 71 days ago",0.48,630
Aram Balian,ABalian,MSFT,Q2 2022,"Jan 27, 2022 AMC","Oct 14, 2021 54 days ago",2.35,"50,700"
Aram Balian,ABalian,AAPL,Q1 2022,"Feb 1, 2022 AMC","Aug 24, 2021 105 days ago",2,"124,000"
Aram Balian,ABalian,AMD,Q4 2021,"Feb 1, 2022 AMC","Oct 1, 2021 67 days ago",0.81,"4,500"
Aram Balian,ABalian,EBAY,Q4 2021,"Feb 2, 2022 AMC","Aug 12, 2021 117 days ago",1.05,"2,700"
Aram Balian,ABalian,FB,Q4 2021,"Feb 2, 2022 AMC","Oct 11, 2021 57 days ago",4.25,"35,000"
Aram Balian,ABalian,TSLA,Q4 2021,"Feb 2, 2022 AMC","Oct 18, 2021 50 days ago",2.05,"15,400"
Aram Balian,ABalian,SNAP,Q4 2021,"Feb 8, 2022 AMC","Oct 13, 2021 55 days ago",0.21,"1,385"
Aram Balian,ABalian,DIS,Q1 2022,"Feb 8, 2022 AMC","Jul 7, 2021 153 days ago",1.2,"20,750"
Aram Balian,ABalian,TWTR,Q4 2021,"Feb 10, 2022 AMC","Oct 20, 2021 48 days ago",0.41,"1,590"
Aram Balian,ABalian,DDOG,Q4 2021,"Feb 17, 2022 AMC","Aug 9, 2021 120 days ago",0.1,265
Aram Balian,ABalian,NVDA,Q4 2022,"Feb 17, 2022 AMC","Oct 13, 2021 55 days ago",1,"6,980"
Aram Balian,ABalian,ROKU,Q4 2021,"Feb 24, 2022 AMC","Aug 9, 2021 120 days ago",0.3,965
Shawn P. Cooney,shawncooney,COST,Q1 2022,"Dec 9, 2021 AMC","Nov 12, 2021",2.64,"49,000"
Shawn P. Cooney,shawncooney,ADBE,Q4 2021,"Dec 16, 2021 AMC","Oct 14, 2021 54 days ago",3.23,"4,103"
Shawn P. Cooney,shawncooney,PAYX,Q2 2022,"Dec 22, 2021 BMO","Oct 14, 2021 54 days ago",0.86,"1,080"
Shawn P. Cooney,shawncooney,BLK,Q4 2021,"Jan 14, 2022 BMO","Oct 14, 2021 54 days ago",10.42,"5,204"
Jack Andrews,Needham_33,ORCL,Q2 2022,"Dec 9, 2021 AMC","Sep 14, 2021 84 days ago",1.11,"10,230"
Jack Andrews,Needham_33,TEAM,Q2 2022,"Jan 20, 2022 AMC","Nov 1, 2021",0.4,
Jack Andrews,Needham_33,CVLT,Q3 2022,"Jan 26, 2022 BMO","Oct 27, 2021",0.61,195.01
Jack Andrews,Needham_33,NOW,Q4 2021,"Jan 26, 2022 AMC","Nov 1, 2021",1.45,
Jack Andrews,Needham_33,DT,Q3 2022,"Feb 2, 2022 BMO","Oct 28, 2021",0.17,237.05
Jack Andrews,Needham_33,RAMP,Q3 2022,"Feb 8, 2022 AMC","Nov 3, 2021",0.17,
Jack Andrews,Needham_33,NEWR,Q3 2022,"Feb 8, 2022 AMC","Nov 9, 2021",-0.16,
Jack Andrews,Needham_33,AAIC,Q4 2021,"Feb 8, 2022 AMC","Jan 4, 2021 337 days ago",-0.16,48.03
Jack Andrews,Needham_33,TDC,Q4 2021,"Feb 10, 2022 AMC","Aug 6, 2021 123 days ago",0.22,476.74
Jack Andrews,Needham_33,FROG,Q4 2021,"Feb 10, 2022 AMC","Nov 8, 2021",0,58.43
Jack Andrews,Needham_33,DDOG,Q4 2021,"Feb 17, 2022 AMC","Nov 8, 2021",0.13,
Jack Andrews,Needham_33,AYX,Q4 2021,"Feb 23, 2022 AMC","Nov 4, 2021",0.25,
Jack Andrews,Needham_33,PEGA,Q4 2021,"Feb 24, 2022 AMC","Jul 29, 2021 131 days ago",0.21,356.88
Jack Andrews,Needham_33,APPN,Q4 2021,"Feb 24, 2022 AMC","Nov 5, 2021",-0.22,
Jack Andrews,Needham_33,SNOW,Q4 2022,"Mar 2, 2022 AMC","Dec 3, 2021",0.02,374.97
Jack Andrews,Needham_33,NTNX,Q2 2022,"Mar 3, 2022 AMC","Nov 24, 2021",-0.14,
Jack Andrews,Needham_33,SPLK,Q4 2022,"Mar 3, 2022 AMC","Dec 2, 2021",-0.14,
Jack Andrews,Needham_33,MDB,Q4 2022,"Mar 16, 2022 AMC","Dec 7, 2021",-0.19,245.09
Jack Andrews,Needham_33,DOMO,Q4 2022,"Mar 16, 2022 AMC","Dec 3, 2021",-0.37,
Jack Andrews,Needham_33,ORCL,Q3 2022,"Mar 17, 2022 AMC","Sep 14, 2021 84 days ago",1.19,"10,605"
Jack Andrews,Needham_33,NOW,Q1 2022,"Apr 27, 2022 AMC","Nov 1, 2021",1.76,
Jack Andrews,Needham_33,CVLT,Q4 2022,"May 3, 2022 BMO","Oct 27, 2021",0.64,198.66
Jack Andrews,Needham_33,AAIC,Q1 2022,"May 4, 2022 BMO","Jan 4, 2021 337 days ago",-0.2,49.72
Jack Andrews,Needham_33,TEAM,Q3 2022,"May 5, 2022 AMC","Nov 1, 2021",0.47,
Jack Andrews,Needham_33,TDC,Q1 2022,"May 5, 2022 AMC","Aug 6, 2021 123 days ago",0.51,482.02
Jack Andrews,Needham_33,APPN,Q1 2022,"May 5, 2022 AMC","Nov 5, 2021",-0.2,
Jack Andrews,Needham_33,FROG,Q1 2022,"May 5, 2022 AMC","Nov 8, 2021",0.01,60.88
Jack Andrews,Needham_33,NEWR,Q4 2022,"May 10, 2022 AMC","Aug 4, 2021 125 days ago",-0.07,
Jack Andrews,Needham_33,PEGA,Q1 2022,"May 11, 2022 AMC","Jul 29, 2021 131 days ago",0.42,384.65
Jack Andrews,Needham_33,AYX,Q1 2022,"May 11, 2022 AMC","Aug 4, 2021 125 days ago",-0.17,
Jack Andrews,Needham_33,DDOG,Q1 2022,"May 16, 2022 AMC","Nov 8, 2021",0.13,
Jack Andrews,Needham_33,DT,Q4 2022,"May 17, 2022 BMO","Oct 28, 2021",0.18,248
Jack Andrews,Needham_33,RAMP,Q4 2022,"May 25, 2022 AMC","Nov 3, 2021",0.11,
Jack Andrews,Needham_33,SNOW,Q1 2023,"May 25, 2022 AMC","Dec 3, 2021",0.02,406.17
Jack Andrews,Needham_33,SPLK,Q1 2023,"May 26, 2022 AMC","Dec 2, 2021",-0.75,
Jack Andrews,Needham_33,NTNX,Q3 2022,"May 26, 2022 AMC","Nov 24, 2021",-0.16,
Jack Andrews,Needham_33,MDB,Q1 2023,"Jun 8, 2022 AMC","Dec 7, 2021",-0.1,255.2
Jack Andrews,Needham_33,DOMO,Q1 2023,"Jun 9, 2022 AMC","Aug 27, 2021 102 days ago",-0.34,
Jack Andrews,Needham_33,ORCL,Q4 2022,"Jun 22, 2022 AMC","Sep 14, 2021 84 days ago",1.41,"11,832"
Jack Andrews,Needham_33,CVLT,Q1 2023,"Jul 26, 2022 BMO","Oct 27, 2021",0.63,193.22
Jack Andrews,Needham_33,AAIC,Q2 2022,"Jul 26, 2022 BMO","Jan 4, 2021 337 days ago",-0.18,55.17
Jack Andrews,Needham_33,NOW,Q2 2022,"Jul 27, 2022 AMC","Nov 1, 2021",1.71,
Jack Andrews,Needham_33,TEAM,Q4 2022,"Jul 28, 2022 AMC","Nov 1, 2021",0.41,
Jack Andrews,Needham_33,NEWR,Q1 2023,"Aug 2, 2022 AMC","Nov 9, 2021",-0.01,
Jack Andrews,Needham_33,AYX,Q2 2022,"Aug 3, 2022 AMC","Aug 4, 2021 125 days ago",-0.22,
Jack Andrews,Needham_33,TDC,Q2 2022,"Aug 4, 2022 AMC","Aug 6, 2021 123 days ago",0.67,498.32
Jack Andrews,Needham_33,APPN,Q2 2022,"Aug 4, 2022 AMC","Nov 5, 2021",-0.3,
Jack Andrews,Needham_33,FROG,Q2 2022,"Aug 4, 2022 AMC","Nov 8, 2021",0.01,65.25
Jack Andrews,Needham_33,RAMP,Q1 2023,"Aug 8, 2022 AMC","Nov 3, 2021",0.18,
Jack Andrews,Needham_33,PEGA,Q2 2022,"Aug 10, 2022 AMC","Jul 29, 2021 131 days ago",0.19,395.57
Analyst_398345,Analyst_398345,PRIM,Q4 2021,"Mar 1, 2022 AMC","Nov 18, 2021",0.54,888.94
Analyst_398345,Analyst_398345,CAL,Q4 2021,"Mar 15, 2022 AMC","Nov 16, 2021",89,636.9
NateWagz44,NateWagz44,BABA,Q3 2022,"Feb 2, 2022 BMO","Nov 2, 2021",3.05,"42,000"
Ittai Kidron,Oppenheimer_11,PRGS,Q4 2021,"Jan 12, 2022 AMC","Sep 23, 2021 75 days ago",0.74,136.03
Ittai Kidron,Oppenheimer_11,TEAM,Q2 2022,"Jan 20, 2022 AMC","Oct 28, 2021",0.37,637.4
Ittai Kidron,Oppenheimer_11,CTXS,Q4 2021,"Jan 26, 2022 BMO","Feb 26, 2021 284 days ago",-1E+18,"-1,000,000,000,000,000,000.00"
Ittai Kidron,Oppenheimer_11,JNPR,Q4 2021,"Feb 1, 2022 AMC","Mar 12, 2020 635 days ago",0.58,1.21
Ittai Kidron,Oppenheimer_11,CHKP,Q4 2021,"Feb 2, 2022 BMO","Oct 28, 2021",2.18,592.5
Ittai Kidron,Oppenheimer_11,NEWR,Q3 2022,"Feb 8, 2022 AMC","Aug 4, 2021 125 days ago",-0.09,183.93
Ittai Kidron,Oppenheimer_11,FTNT,Q4 2021,"Feb 9, 2022 AMC","Nov 5, 2021",1.14,955.2
Ittai Kidron,Oppenheimer_11,VRNS,Q4 2021,"Feb 9, 2022 AMC","Feb 11, 2021 299 days ago",-3.33333E+17,
Ittai Kidron,Oppenheimer_11,CYBR,Q4 2021,"Feb 10, 2022 BMO","Nov 4, 2021 33 days ago",0.15,143.6
Ittai Kidron,Oppenheimer_11,FROG,Q4 2021,"Feb 10, 2022 AMC","Nov 4, 2021",0,58
Ittai Kidron,Oppenheimer_11,CRNT,Q4 2021,"Feb 14, 2022 BMO","Mar 12, 2020 635 days ago",0.01,73.99
Ittai Kidron,Oppenheimer_11,TWLO,Q4 2021,"Feb 15, 2022 AMC","Oct 28, 2021",-0.25,765.3
Ittai Kidron,Oppenheimer_11,CSCO,Q2 2022,"Feb 16, 2022 AMC","Nov 17, 2021",0.81,12.62
Ittai Kidron,Oppenheimer_11,TUFN,Q4 2021,"Feb 17, 2022 BMO","Aug 11, 2021 118 days ago",-0.04,35.4
Ittai Kidron,Oppenheimer_11,DDOG,Q4 2021,"Feb 17, 2022 AMC","Nov 4, 2021",0.11,291
Ittai Kidron,Oppenheimer_11,ANET,Q4 2021,"Feb 17, 2022 AMC","Nov 18, 2021",0.18,785
Ittai Kidron,Oppenheimer_11,NTAP,Q3 2022,"Feb 23, 2022 AMC","Mar 30, 2020 617 days ago",1.29,1.41
Ittai Kidron,Oppenheimer_11,AYX,Q4 2021,"Feb 23, 2022 AMC","Nov 2, 2021",0.05,165.5
Ittai Kidron,Oppenheimer_11,VMW,Q4 2022,"Feb 24, 2022 AMC","Nov 24, 2021",1.96,3.51
Ittai Kidron,Oppenheimer_11,PANW,Q2 2022,"Mar 1, 2022 AMC","Nov 18, 2021",1.64,1.28
Ittai Kidron,Oppenheimer_11,ESTC,Q3 2022,"Mar 2, 2022 AMC","Dec 2, 2021 5 days ago",-0.22,207.97
Ittai Kidron,Oppenheimer_11,BOX,Q4 2022,"Mar 2, 2022 AMC","Dec 1, 2021 6 days ago",0.23,228
Ittai Kidron,Oppenheimer_11,SNOW,Q4 2022,"Mar 2, 2022 AMC","Dec 2, 2021",0.1,372
Ittai Kidron,Oppenheimer_11,PSTG,Q4 2022,"Mar 3, 2022 AMC","Mar 12, 2020 635 days ago",0.29,601.9
Ittai Kidron,Oppenheimer_11,NTNX,Q2 2022,"Mar 3, 2022 AMC","Sep 1, 2021 97 days ago",-0.23,408.6
Ittai Kidron,Oppenheimer_11,SPLK,Q4 2022,"Mar 3, 2022 AMC","Dec 2, 2021",-0.22,766
Ittai Kidron,Oppenheimer_11,ZM,Q4 2022,"Mar 9, 2022 AMC","Nov 22, 2021",1.07,1.05
Ittai Kidron,Oppenheimer_11,ASAN,Q4 2022,"Mar 9, 2022 AMC","Dec 3, 2021",-0.28,105
Ittai Kidron,Oppenheimer_11,OKTA,Q4 2022,"Mar 10, 2022 AMC","Dec 2, 2021",-0.24,359.3
Ittai Kidron,Oppenheimer_11,MDB,Q4 2022,"Mar 16, 2022 AMC","Dec 6, 2021",-0.23,241.33
Ittai Kidron,Oppenheimer_11,SMAR,Q4 2022,"Mar 22, 2022 AMC","Dec 3, 2021 4 days ago",-0.15,152.11
Ittai Kidron,Oppenheimer_11,CRWD,Q4 2022,"Mar 24, 2022 AMC","Dec 2, 2021",0.2,410.1
Ittai Kidron,Oppenheimer_11,PRGS,Q1 2022,"Mar 30, 2022 AMC","Sep 23, 2021 75 days ago",1,151.55
Ittai Kidron,Oppenheimer_11,CHKP,Q1 2022,"Apr 27, 2022 BMO","Oct 28, 2021",1.58,526.5
Ittai Kidron,Oppenheimer_11,FTNT,Q1 2022,"Apr 28, 2022 AMC","Nov 5, 2021",0.85,852.1
Ittai Kidron,Oppenheimer_11,VRNS,Q1 2022,"May 2, 2022 AMC","Feb 11, 2021 299 days ago",-3.33333E+17,
Ittai Kidron,Oppenheimer_11,TWLO,Q1 2022,"May 3, 2022 AMC","Oct 28, 2021",-0.13,803.6
Ittai Kidron,Oppenheimer_11,CYBR,Q1 2022,"May 5, 2022 BMO","Dec 3, 2021 4 days ago",-0.07,126.9
Ittai Kidron,Oppenheimer_11,TEAM,Q3 2022,"May 5, 2022 AMC","Oct 28, 2021",0.38,667.6
Ittai Kidron,Oppenheimer_11,ANET,Q1 2022,"May 5, 2022 AMC","Nov 18, 2021",0.19,831.9
Ittai Kidron,Oppenheimer_11,FROG,Q1 2022,"May 5, 2022 AMC","Nov 4, 2021",0,61.1
Ittai Kidron,Oppenheimer_11,NEWR,Q4 2022,"May 10, 2022 AMC","Aug 4, 2021 125 days ago",-0.04,187.06
Ittai Kidron,Oppenheimer_11,AYX,Q1 2022,"May 11, 2022 AMC","Nov 2, 2021 35 days ago",-0.29,132.4
Ittai Kidron,Oppenheimer_11,DDOG,Q1 2022,"May 16, 2022 AMC","Nov 4, 2021",0.12,314.3
Ittai Kidron,Oppenheimer_11,CSCO,Q3 2022,"May 18, 2022 AMC","Nov 17, 2021 20 days ago",0.88,13.36
Ittai Kidron,Oppenheimer_11,SNOW,Q1 2023,"May 25, 2022 AMC","Dec 2, 2021",0,397
Ittai Kidron,Oppenheimer_11,PANW,Q3 2022,"May 26, 2022 AMC","Nov 18, 2021 19 days ago",1.57,1.34
Ittai Kidron,Oppenheimer_11,SPLK,Q1 2023,"May 26, 2022 AMC","Dec 2, 2021",-0.78,619.9
Ittai Kidron,Oppenheimer_11,NTNX,Q3 2022,"May 26, 2022 AMC","Sep 1, 2021 97 days ago",-0.29,400.5
Ittai Kidron,Oppenheimer_11,BOX,Q1 2023,"Jun 1, 2022 AMC","Dec 1, 2021 6 days ago",0.26,230.2
Neil_Martin,Neil_Martin,PLAB,Q4 2021,"Dec 8, 2021 BMO","Nov 19, 2021",0.28,179.07
Neil_Martin,Neil_Martin,AVGO,Q4 2021,"Dec 9, 2021 AMC","Nov 12, 2021",7.7,"7,285"
Neil_Martin,Neil_Martin,COST,Q1 2022,"Dec 9, 2021 AMC","Nov 12, 2021",2.83,"48,920"
Neil_Martin,Neil_Martin,ORCL,Q2 2022,"Dec 9, 2021 AMC","Nov 19, 2021",1.13,"10,239"
Neil_Martin,Neil_Martin,GRUB,Q3 2021,"Dec 10, 2021 AMC","Nov 20, 2021",-0.2,589.65
Neil_Martin,Neil_Martin,ADBE,Q4 2021,"Dec 16, 2021 AMC","Nov 19, 2021",3.31,"4,111"
Neil_Martin,Neil_Martin,BB,Q3 2022,"Dec 16, 2021 AMC","Nov 19, 2021",-0.05,203.9
Neil_Martin,Neil_Martin,NKE,Q2 2022,"Dec 20, 2021 AMC","Nov 24, 2021",1.1,"11,100"
Neil_Martin,Neil_Martin,LNN,Q1 2022,"Jan 6, 2022 BMO","Sep 24, 2021 74 days ago",0.96,133
Neil_Martin,Neil_Martin,KMI,Q4 2021,"Jan 19, 2022 AMC","Sep 23, 2021 75 days ago",0.27,"3,190"
Neil_Martin,Neil_Martin,AXP,Q4 2021,"Jan 20, 2022 BMO","Sep 23, 2021 75 days ago",1.85,"11,300"
Neil_Martin,Neil_Martin,TEAM,Q2 2022,"Jan 20, 2022 AMC","Sep 24, 2021 74 days ago",0.44,591.62
Neil_Martin,Neil_Martin,SLB,Q4 2021,"Jan 21, 2022 BMO","Oct 17, 2021 51 days ago",0.41,"6,180"
Neil_Martin,Neil_Martin,HAL,Q4 2021,"Jan 24, 2022 BMO","Sep 22, 2021 76 days ago",0.36,"3,975"
Neil_Martin,Neil_Martin,IBM,Q4 2021,"Jan 24, 2022 AMC","Sep 23, 2021 75 days ago",4.24,"20,903"
Neil_Martin,Neil_Martin,JNJ,Q4 2021,"Jan 25, 2022 BMO","Sep 22, 2021 76 days ago",2.48,"24,700"
Neil_Martin,Neil_Martin,RTX,Q4 2021,"Jan 25, 2022 BMO","Oct 20, 2021 48 days ago",1.15,"18,000"
Neil_Martin,Neil_Martin,VZ,Q4 2021,"Jan 25, 2022 BMO","Sep 23, 2021 75 days ago",1.33,"35,666"
Neil_Martin,Neil_Martin,WOLF,Q2 2022,"Jan 25, 2022 AMC","Sep 22, 2021 76 days ago",-0.22,169.95
Neil_Martin,Neil_Martin,HZO,Q1 2022,"Jan 26, 2022 BMO","Oct 6, 2021 62 days ago",1.42,475
Neil_Martin,Neil_Martin,CP,Q4 2021,"Jan 26, 2022 BMO","Sep 22, 2021 76 days ago",0.92,"1,759"
Neil_Martin,Neil_Martin,TXN,Q4 2021,"Jan 26, 2022 AMC","Sep 29, 2021 69 days ago",2.04,"4,530"
Neil_Martin,Neil_Martin,INTC,Q4 2021,"Jan 26, 2022 AMC","Oct 2, 2021 66 days ago",1.24,"18,650"
Neil_Martin,Neil_Martin,FFIV,Q1 2022,"Jan 26, 2022 AMC","Sep 30, 2021 68 days ago",2.83,678.29
Neil_Martin,Neil_Martin,LRCX,Q2 2022,"Jan 26, 2022 AMC","Sep 22, 2021 76 days ago",8.73,"4,451"
Neil_Martin,Neil_Martin,CMCSA,Q4 2021,"Jan 27, 2022 BMO","Oct 2, 2021 66 days ago",0.82,"29,860"
Neil_Martin,Neil_Martin,SWKS,Q1 2022,"Jan 27, 2022 AMC","Oct 17, 2021 51 days ago",3.05,"1,327"
Neil_Martin,Neil_Martin,FICO,Q1 2022,"Jan 27, 2022 AMC","Oct 14, 2021 54 days ago",3.15,334.78
Neil_Martin,Neil_Martin,SBUX,Q1 2022,"Jan 27, 2022 AMC","Oct 2, 2021 66 days ago",0.95,"8,002"
Neil_Martin,Neil_Martin,MSFT,Q2 2022,"Jan 27, 2022 AMC","Sep 30, 2021 68 days ago",2.43,"51,000"
Neil_Martin,Neil_Martin,PNR,Q4 2021,"Feb 1, 2022 BMO","Sep 29, 2021 69 days ago",0.88,960
Neil_Martin,Neil_Martin,UPS,Q4 2021,"Feb 1, 2022 BMO","Sep 29, 2021 69 days ago",2.99,"25,600"
Neil_Martin,Neil_Martin,HWM,Q4 2021,"Feb 1, 2022 BMO","Sep 28, 2021 70 days ago",0.3,"1,414"
Neil_Martin,Neil_Martin,JNPR,Q4 2021,"Feb 1, 2022 AMC","Sep 29, 2021 69 days ago",0.58,"1,262"
Neil_Martin,Neil_Martin,EA,Q3 2022,"Feb 1, 2022 AMC","Oct 9, 2021 59 days ago",3.33,"2,524"
Neil_Martin,Neil_Martin,AAPL,Q1 2022,"Feb 1, 2022 AMC","Oct 22, 2021 46 days ago",1.89,"116,672"
Neil_Martin,Neil_Martin,AMD,Q4 2021,"Feb 1, 2022 AMC","Sep 30, 2021 68 days ago",0.82,"4,600"
Neil_Martin,Neil_Martin,DOX,Q1 2022,"Feb 1, 2022 AMC","Oct 6, 2021 62 days ago",1.3,"1,112"
Neil_Martin,Neil_Martin,MPC,Q4 2021,"Feb 2, 2022 BMO","Oct 6, 2021 62 days ago",0.21,"20,239"
Neil_Martin,Neil_Martin,SLAB,Q4 2021,"Feb 2, 2022 BMO","Sep 30, 2021 68 days ago",0.22,177
Neil_Martin,Neil_Martin,JCI,Q1 2022,"Feb 2, 2022 BMO","Oct 16, 2021 52 days ago",0.61,"5,962"
Neil_Martin,Neil_Martin,CLB,Q4 2021,"Feb 2, 2022 AMC","Sep 30, 2021 68 days ago",0.24,126.55
Neil_Martin,Neil_Martin,PYPL,Q4 2021,"Feb 2, 2022 AMC","Sep 24, 2021 74 days ago",1.28,"7,209"
Neil_Martin,Neil_Martin,EBAY,Q4 2021,"Feb 2, 2022 AMC","Sep 23, 2021 75 days ago",1.03,"2,820"
Neil_Martin,Neil_Martin,FB,Q4 2021,"Feb 2, 2022 AMC","Oct 18, 2021 50 days ago",4.66,"35,300"
Neil_Martin,Neil_Martin,TSLA,Q4 2021,"Feb 2, 2022 AMC","Sep 30, 2021 68 days ago",2.11,"15,300"
Neil_Martin,Neil_Martin,NXPI,Q4 2021,"Feb 2, 2022 AMC","Oct 4, 2021 64 days ago",2.94,"2,820"
Neil_Martin,Neil_Martin,QCOM,Q1 2022,"Feb 2, 2022 AMC","Oct 7, 2021 61 days ago",2.41,"9,350"
Neil_Martin,Neil_Martin,SU,Q4 2021,"Feb 2, 2022 AMC","Sep 30, 2021 68 days ago",0.7,"9,100"
Neil_Martin,Neil_Martin,GOOGL,Q4 2021,"Feb 2, 2022 AMC","Oct 2, 2021 66 days ago",27.5,"58,300"
Analyst_1238052,Analyst_1238052,GOOGL,Q4 2021,"Feb 2, 2022 AMC","Nov 9, 2021",27.42,"59,233"
史書雅,382sr00,GME,Q3 2021,"Dec 8, 2021 AMC","Dec 6, 2021",-0.48,"1,201"
史書雅,382sr00,HRL,Q4 2021,"Dec 9, 2021 BMO","Dec 6, 2021",0.51,"3,229"
史書雅,382sr00,CIEN,Q4 2021,"Dec 9, 2021 BMO","Dec 6, 2021",0.91,"1,037"
史書雅,382sr00,ORCL,Q2 2022,"Dec 9, 2021 AMC","Dec 6, 2021",1.13,"10,288"
史書雅,382sr00,GRUB,Q3 2021,"Dec 10, 2021 AMC","Oct 9, 2021 60 days ago",-0.1,585.67
史書雅,382sr00,USB,Q4 2021,"Jan 19, 2022 BMO","Oct 25, 2021",1.23,"5,814"
R,R,ADBE,Q4 2021,"Dec 16, 2021 AMC","Mar 23, 2021 259 days ago",3.48,"4,143"
R,R,FTNT,Q4 2021,"Feb 9, 2022 AMC","Nov 17, 2021",1.16,"1,006"
R,R,QLYS,Q4 2021,"Feb 9, 2022 AMC","Nov 17, 2021",0.82,108.3
"Richard Davis, CFA",Canaccord_146,ADBE,Q4 2021,"Dec 16, 2021 AMC","Mar 13, 2020 634 days ago",3.11,"3,988"
"Richard Davis, CFA",Canaccord_146,OKTA,Q4 2022,"Mar 10, 2022 AMC","Apr 1, 2020 615 days ago",0.03,268
Analyst_5300562,Analyst_5300562,MU,Q1 2022,"Dec 20, 2021 AMC","Oct 7, 2021 61 days ago",2.4,"8,145"
Analyst_5300562,Analyst_5300562,DDOG,Q4 2021,"Feb 17, 2022 AMC","Oct 20, 2021 48 days ago",0.07,263.42
kerry burrell,kerryburrell,RH,Q3 2021,"Dec 8, 2021 AMC","Dec 6, 2021",7.01,986.45
kerry burrell,kerryburrell,AVGO,Q4 2021,"Dec 9, 2021 AMC","Dec 6, 2021",7.82,"7,413"
kerry burrell,kerryburrell,COST,Q1 2022,"Dec 9, 2021 AMC","Dec 6, 2021",2.7,"54,303"
kerry burrell,kerryburrell,LULU,Q3 2021,"Dec 9, 2021 AMC","Dec 6, 2021",1.54,"1,448"
kerry burrell,kerryburrell,MU,Q1 2022,"Dec 20, 2021 AMC","Nov 6, 2021",2.12,"7,694"
Analyst_5039344,Analyst_5039344,ADBE,Q4 2021,"Dec 16, 2021 AMC","Dec 4, 2021",3.23,"4,093"
Damian,Damian,MU,Q1 2022,"Dec 20, 2021 AMC","Oct 19, 2021 49 days ago",2.18,"7,705"
Damian,Damian,JPM,Q4 2021,"Jan 14, 2022 BMO","Oct 13, 2021 55 days ago",3.53,"31,368"
Damian,Damian,NFLX,Q4 2021,"Jan 18, 2022 AMC","Oct 19, 2021 49 days ago",1.5,"7,724"
Damian,Damian,IBM,Q4 2021,"Jan 24, 2022 AMC","Oct 20, 2021 48 days ago",4.17,"20,761"
Damian,Damian,LRCX,Q2 2022,"Jan 26, 2022 AMC","Oct 20, 2021 48 days ago",8.47,"4,403"
Damian,Damian,FB,Q4 2021,"Feb 2, 2022 AMC","Oct 26, 2021",3.82,"31,955"
Damian,Damian,AMZN,Q4 2021,"Feb 3, 2022 AMC","Oct 28, 2021",12.28,"142,673"
Damian,Damian,SPOT,Q4 2021,"Feb 9, 2022 BMO","Oct 27, 2021",-0.29,"3,050"
Damian,Damian,MELI,Q4 2021,"Feb 24, 2022 AMC","Dec 1, 2021",1.07,"2,058"
Damian,Damian,JPM,Q1 2022,"Apr 13, 2022 BMO","Oct 13, 2021 55 days ago",3.1,"32,705"
oakcrest12,oakcrest12,SPWH,Q3 2021,"Dec 8, 2021 AMC","Nov 15, 2021",0.72,416.59
oakcrest12,oakcrest12,MTN,Q1 2022,"Dec 9, 2021 AMC","Nov 5, 2021",-3.4,189.46
oakcrest12,oakcrest12,TCOM,Q3 2021,"Dec 15, 2021 AMC","Aug 27, 2021 102 days ago",0.48,"1,216"
oakcrest12,oakcrest12,FDX,Q2 2022,"Dec 16, 2021 AMC","Sep 17, 2021 81 days ago",5.28,"23,065"
oakcrest12,oakcrest12,NKE,Q2 2022,"Dec 20, 2021 AMC","Sep 20, 2021 78 days ago",1.17,"13,030"
oakcrest12,oakcrest12,INFY,Q3 2022,"Jan 12, 2022 BMO","Oct 7, 2021 61 days ago",0.18,"4,086"
oakcrest12,oakcrest12,C,Q4 2021,"Jan 14, 2022 BMO","Jun 16, 2021 174 days ago",2.11,"17,380"
oakcrest12,oakcrest12,JPM,Q4 2021,"Jan 14, 2022 BMO","Sep 15, 2021 83 days ago",3.53,"31,758"
oakcrest12,oakcrest12,WFC,Q4 2021,"Jan 14, 2022 BMO","Jul 9, 2021 151 days ago",0.95,"17,679"
oakcrest12,oakcrest12,DAL,Q4 2021,"Jan 18, 2022 BMO","Oct 7, 2021 61 days ago",0.44,"8,930"
oakcrest12,oakcrest12,GS,Q4 2021,"Jan 18, 2022 BMO","Oct 11, 2021 57 days ago",12.51,"13,940"
oakcrest12,oakcrest12,BAC,Q4 2021,"Jan 18, 2022 BMO","Jul 9, 2021 151 days ago",0.8,"21,817"
oakcrest12,oakcrest12,CSX,Q4 2021,"Jan 18, 2022 AMC","Jul 16, 2021 144 days ago",0.41,"3,005"
oakcrest12,oakcrest12,UAL,Q4 2021,"Jan 18, 2022 AMC","Jul 15, 2021 145 days ago",-0.55,"7,735"
oakcrest12,oakcrest12,NFLX,Q4 2021,"Jan 18, 2022 AMC","Jul 26, 2021 134 days ago",1.37,"7,774"
oakcrest12,oakcrest12,MS,Q4 2021,"Jan 20, 2022 BMO","Jul 12, 2021 148 days ago",1.83,"14,400"
oakcrest12,oakcrest12,HAL,Q4 2021,"Jan 24, 2022 BMO","Jul 15, 2021 145 days ago",0.33,"3,982"
oakcrest12,oakcrest12,MCD,Q4 2021,"Jan 24, 2022 BMO","Oct 27, 2021",2.29,"5,966"
oakcrest12,oakcrest12,IBM,Q4 2021,"Jan 24, 2022 AMC","Jun 21, 2021 169 days ago",4.35,"20,628"
oakcrest12,oakcrest12,AUDC,Q4 2021,"Jan 25, 2022 BMO","Oct 21, 2021 47 days ago",0.44,65.71
oakcrest12,oakcrest12,NAVI,Q4 2021,"Jan 25, 2022 AMC","Oct 19, 2021 49 days ago",0.96,454.02
oakcrest12,oakcrest12,COF,Q4 2021,"Jan 25, 2022 AMC","Oct 27, 2021",6.23,"8,055"
oakcrest12,oakcrest12,TXN,Q4 2021,"Jan 26, 2022 AMC","Oct 19, 2021 49 days ago",2.2,"4,738"
oakcrest12,oakcrest12,INTC,Q4 2021,"Jan 26, 2022 AMC","Jul 23, 2021 137 days ago",1.44,"19,711"
oakcrest12,oakcrest12,LVS,Q4 2021,"Jan 26, 2022 AMC","Sep 29, 2021 69 days ago",0.05,"1,660"
oakcrest12,oakcrest12,GE,Q4 2021,"Jan 27, 2022 BMO","Oct 21, 2021 47 days ago",0.89,"22,320"
oakcrest12,oakcrest12,NXGN,Q3 2022,"Jan 27, 2022 AMC","Oct 26, 2021",0.26,148.86
oakcrest12,oakcrest12,ALV,Q4 2021,"Jan 28, 2022 BMO","Jul 15, 2021 145 days ago",2.2,"2,612"
oakcrest12,oakcrest12,XOM,Q4 2021,"Feb 1, 2022 BMO","Oct 26, 2021",1.39,"81,290"
oakcrest12,oakcrest12,HWM,Q4 2021,"Feb 1, 2022 BMO","Nov 4, 2021",0.33,"1,410"
oakcrest12,oakcrest12,AAPL,Q1 2022,"Feb 1, 2022 AMC","Jul 20, 2021 140 days ago",2.01,"122,180"
oakcrest12,oakcrest12,HLI,Q3 2022,"Feb 1, 2022 AMC","Jul 27, 2021 133 days ago",1.41,475.5
oakcrest12,oakcrest12,RCL,Q4 2021,"Feb 2, 2022 BMO","Jul 30, 2021 130 days ago",-1.74,"1,312"
oakcrest12,oakcrest12,BABA,Q3 2022,"Feb 2, 2022 BMO","Nov 1, 2021",3.34,"43,027"
oakcrest12,oakcrest12,PYPL,Q4 2021,"Feb 2, 2022 AMC","Nov 12, 2021",1.32,"7,002"
oakcrest12,oakcrest12,FB,Q4 2021,"Feb 2, 2022 AMC","Oct 20, 2021 48 days ago",4.6,"36,289"
oakcrest12,oakcrest12,TSLA,Q4 2021,"Feb 2, 2022 AMC","Aug 6, 2021 123 days ago",1.72,"15,569"
oakcrest12,oakcrest12,NXPI,Q4 2021,"Feb 2, 2022 AMC","Oct 26, 2021",2.93,"2,941"
oakcrest12,oakcrest12,QCOM,Q1 2022,"Feb 2, 2022 AMC","Jul 26, 2021 134 days ago",2.49,"9,491"
oakcrest12,oakcrest12,GOOGL,Q4 2021,"Feb 2, 2022 AMC","Aug 4, 2021 125 days ago",30.7,"59,206"
oakcrest12,oakcrest12,PM,Q4 2021,"Feb 3, 2022 BMO","Jun 22, 2021 168 days ago",1.46,"8,103"
oakcrest12,oakcrest12,AMZN,Q4 2021,"Feb 3, 2022 AMC","Oct 26, 2021",16.36,"147,268"
oakcrest12,oakcrest12,HAS,Q4 2021,"Feb 7, 2022 BMO","Sep 27, 2021 71 days ago",1.37,"1,801"
oakcrest12,oakcrest12,DIS,Q1 2022,"Feb 8, 2022 AMC","Aug 5, 2021 124 days ago",1.4,"20,129"
oakcrest12,oakcrest12,CMG,Q4 2021,"Feb 8, 2022 AMC","Jul 15, 2021 145 days ago",6.61,"1,914"
oakcrest12,oakcrest12,YELP,Q4 2021,"Feb 9, 2022 AMC","Nov 1, 2021",0.19,280.32
oakcrest12,oakcrest12,WWE,Q4 2021,"Feb 10, 2022 AMC","Nov 1, 2021",0.51,317.98
oakcrest12,oakcrest12,UAA,Q4 2021,"Feb 15, 2022 BMO","Nov 2, 2021",0.16,"1,477"
oakcrest12,oakcrest12,TLRY,Q2 2022,"Feb 16, 2022 BMO","Nov 10, 2021",-0.12,229.67
oakcrest12,oakcrest12,NP,Q4 2021,"Feb 16, 2022 AMC","Oct 26, 2021",0.77,254.96
Eric,Analyst_7579453,CPB,Q1 2022,"Dec 8, 2021 BMO","Dec 1, 2021",0.83,"2,285"
Eric,Analyst_7579453,SPWH,Q3 2021,"Dec 8, 2021 AMC","Nov 13, 2021",0.62,400
Eric,Analyst_7579453,GME,Q3 2021,"Dec 8, 2021 AMC","Nov 22, 2021",-0.33,"1,250"
Eric,Analyst_7579453,HRL,Q4 2021,"Dec 9, 2021 BMO","Dec 1, 2021",0.5,"3,250"
Eric,Analyst_7579453,AVGO,Q4 2021,"Dec 9, 2021 AMC","Dec 1, 2021",7.8,"7,365"
Eric,Analyst_7579453,COST,Q1 2022,"Dec 9, 2021 AMC","Dec 1, 2021",2.64,"49,000"
Eric,Analyst_7579453,ORCL,Q2 2022,"Dec 9, 2021 AMC","Dec 1, 2021",1.13,"10,250"
Eric,Analyst_7579453,LULU,Q3 2021,"Dec 9, 2021 AMC","Dec 1, 2021",1.5,"1,450"
Eric,Analyst_7579453,GRUB,Q3 2021,"Dec 10, 2021 AMC","Oct 22, 2021 46 days ago",-0.07,580
Eric,Analyst_7579453,HEXO,Q1 2022,"Dec 13, 2021 BMO","Nov 22, 2021",-0.08,45
Eric,Analyst_7579453,ADBE,Q4 2021,"Dec 16, 2021 AMC","Dec 1, 2021",3.25,"4,100"
Eric,Analyst_7579453,BB,Q3 2022,"Dec 16, 2021 AMC","Dec 1, 2021",-0.05,180
Eric,Analyst_7579453,DRI,Q2 2022,"Dec 17, 2021 BMO","Dec 1, 2021",1.5,"2,300"
Eric,Analyst_7579453,NKE,Q2 2022,"Dec 20, 2021 AMC","Dec 1, 2021",0.71,"11,300"
Jen_F,Jen_F,CPB,Q1 2022,"Dec 8, 2021 BMO","Nov 10, 2021",0.82,"2,314"
Jen_F,Jen_F,THO,Q1 2022,"Dec 8, 2021 BMO","Nov 19, 2021",3.76,"3,616"
Jen_F,Jen_F,PLAB,Q4 2021,"Dec 8, 2021 BMO","Dec 1, 2021",0.29,177
Jen_F,Jen_F,GME,Q3 2021,"Dec 8, 2021 AMC","Nov 2, 2021",-0.49,"1,227"
Jen_F,Jen_F,HRL,Q4 2021,"Dec 9, 2021 BMO","Nov 11, 2021",0.5,"3,250"
Jen_F,Jen_F,COST,Q1 2022,"Dec 9, 2021 AMC","Oct 28, 2021",2.9,"48,888"
Jen_F,Jen_F,EDU,Q4 2021,"Dec 13, 2021 BMO","Sep 2, 2021 96 days ago",0.04,"1,145"
Jen_F,Jen_F,HEXO,Q1 2022,"Dec 13, 2021 BMO","Nov 10, 2021",-0.06,42.98
Jen_F,Jen_F,DRI,Q2 2022,"Dec 17, 2021 BMO","Nov 11, 2021",1.49,"2,285"
Jen_F,Jen_F,GS,Q4 2021,"Jan 18, 2022 BMO","Nov 19, 2021",12.5,"12,640"
Jen_F,Jen_F,ABT,Q4 2021,"Jan 26, 2022 BMO","Oct 25, 2021",1.33,"11,455"
Jen_F,Jen_F,GOOGL,Q4 2021,"Feb 2, 2022 AMC","Oct 25, 2021",27.56,"58,900"
Jen_F,Jen_F,AMAT,Q1 2022,"Feb 16, 2022 AMC","Dec 1, 2021",1.9,"6,267"
Ron,R_C12R,CHWY,Q3 2021,"Dec 9, 2021 AMC","Dec 7, 2021",-0.04,"2,219"
Ron,R_C12R,EDU,Q4 2021,"Dec 13, 2021 BMO","Sep 7, 2021 91 days ago",0.06,"1,148"
Ron,R_C12R,PYPL,Q4 2021,"Feb 2, 2022 AMC","Dec 2, 2021",1.31,"7,106"
Ron,R_C12R,AOSL,Q2 2022,"Feb 9, 2022 AMC","Dec 2, 2021",1.07,190
Ron,R_C12R,FIVE,Q4 2021,"Mar 23, 2022 AMC","Dec 3, 2021",2.51,"1,058"
Ron,R_C12R,CRWD,Q4 2022,"Mar 24, 2022 AMC","Dec 5, 2021",0.23,418
Nick Pope,GHS_32,FANG,Q4 2021,"Feb 15, 2022 AMC","Feb 3, 2021 307 days ago",1.71,"1,159"
Nick Pope,GHS_32,LPI,Q4 2021,"Feb 16, 2022 AMC","May 10, 2021 211 days ago",6.72,233.67
Nick Pope,GHS_32,SM,Q4 2021,"Feb 23, 2022 AMC","Dec 11, 2020 361 days ago",-0.29,350.69
Nick Pope,GHS_32,NOG,Q4 2021,"Mar 2, 2022 BMO","Jun 9, 2021 181 days ago",0.62,171.12
Nick Pope,GHS_32,PDCE,Q4 2021,"Mar 2, 2022 AMC","May 24, 2021 197 days ago",1.47,512.24
Nick Pope,GHS_32,PDCE,Q1 2022,"May 4, 2022 AMC","May 24, 2021 197 days ago",1.83,554.75
Nick Pope,GHS_32,LPI,Q1 2022,"May 4, 2022 AMC","May 10, 2021 211 days ago",7.58,247.44
Nick Pope,GHS_32,NOG,Q1 2022,"May 9, 2022 BMO","Jun 9, 2021 181 days ago",0.71,175.97
Nick Pope,GHS_32,LPI,Q2 2022,"Aug 3, 2022 AMC","May 10, 2021 211 days ago",7.62,251.48
Nick Pope,GHS_32,NOG,Q2 2022,"Aug 4, 2022 BMO","Jun 9, 2021 181 days ago",0.79,183.88
Nick Pope,GHS_32,PDCE,Q2 2022,"Aug 10, 2022 AMC","May 24, 2021 197 days ago",1.67,545.22
Nick Pope,GHS_32,LPI,Q3 2022,"Nov 2, 2022 AMC","May 10, 2021 211 days ago",7.63,255.23
Nick Pope,GHS_32,PDCE,Q3 2022,"Nov 7, 2022 AMC","May 24, 2021 197 days ago",1.75,562.55
Nick Pope,GHS_32,NOG,Q3 2022,"Nov 10, 2022 BMO","Jun 9, 2021 181 days ago",0.8,186.94
Nick Pope,GHS_32,LPI,Q4 2022,"Feb 15, 2023 AMC","May 10, 2021 211 days ago",7.58,257.02
Nick Pope,GHS_32,NOG,Q4 2022,"Mar 1, 2023 BMO","Jun 9, 2021 181 days ago",0.8,188.1
Nick Pope,GHS_32,PDCE,Q4 2022,"Mar 1, 2023 AMC","May 24, 2021 197 days ago",1.78,570.76
Nick Pope,GHS_40,CIVI,Q4 2021,"Feb 8, 2022 BMO","Nov 16, 2021",2.21,556.52
Nick Pope,GHS_40,FANG,Q4 2021,"Feb 15, 2022 AMC","Nov 2, 2021",3.74,"1,634"
Nick Pope,GHS_40,LPI,Q4 2021,"Feb 16, 2022 AMC","Jul 8, 2021 152 days ago",7.28,260.44
Nick Pope,GHS_40,SM,Q4 2021,"Feb 23, 2022 AMC","Oct 29, 2021",1.29,573.85
Nick Pope,GHS_40,OVV,Q4 2021,"Feb 24, 2022 AMC","Sep 23, 2021 75 days ago",2.55,
Nick Pope,GHS_40,NOG,Q4 2021,"Mar 2, 2022 BMO","Nov 10, 2021",1.45,248.39
Nick Pope,GHS_40,PDCE,Q4 2021,"Mar 2, 2022 AMC","Aug 5, 2021 124 days ago",1.72,564.38
Nick Pope,GHS_40,SM,Q1 2022,"May 3, 2022 AMC","Oct 29, 2021",2.16,662.78
Nick Pope,GHS_40,FANG,Q1 2022,"May 3, 2022 AMC","Nov 2, 2021",4.66,"1,821"
Nick Pope,GHS_40,PDCE,Q1 2022,"May 4, 2022 AMC","Aug 5, 2021 124 days ago",2.28,628.37
Nick Pope,GHS_40,LPI,Q1 2022,"May 4, 2022 AMC","Jul 8, 2021 152 days ago",8.11,270.55
Nick Pope,GHS_40,CIVI,Q1 2022,"May 5, 2022 BMO","Nov 16, 2021",2.61,606.29
Nick Pope,GHS_40,NOG,Q1 2022,"May 9, 2022 BMO","Nov 10, 2021",1.7,268.35
Nick Pope,GHS_40,OVV,Q1 2022,"May 12, 2022 AMC","Sep 23, 2021 75 days ago",3.43,
Nick Pope,GHS_40,OVV,Q2 2022,"Aug 2, 2022 AMC","Sep 23, 2021 75 days ago",2.83,
Nick Pope,GHS_40,FANG,Q2 2022,"Aug 2, 2022 AMC","Nov 2, 2021",4.42,"1,763"
Nick Pope,GHS_40,LPI,Q2 2022,"Aug 3, 2022 AMC","Jul 8, 2021 152 days ago",8.73,282.99
Nick Pope,GHS_40,NOG,Q2 2022,"Aug 4, 2022 BMO","Nov 10, 2021",1.68,267.54
Nick Pope,GHS_40,CIVI,Q2 2022,"Aug 4, 2022 BMO","Nov 16, 2021",2.24,559.04
Nick Pope,GHS_40,SM,Q2 2022,"Aug 4, 2022 AMC","Oct 29, 2021",1.66,595.91
Nick Pope,GHS_40,PDCE,Q2 2022,"Aug 10, 2022 AMC","Aug 5, 2021 124 days ago",1.93,590.27
Nick Pope,GHS_40,OVV,Q3 2022,"Nov 2, 2022 AMC","Sep 23, 2021 75 days ago",2.72,
Nick Pope,GHS_40,LPI,Q3 2022,"Nov 2, 2022 AMC","Jul 8, 2021 152 days ago",8.53,281.58
Nick Pope,GHS_40,SM,Q3 2022,"Nov 3, 2022 AMC","Oct 29, 2021",1.58,582.63
Nick Pope,GHS_40,CIVI,Q3 2022,"Nov 4, 2022 BMO","Nov 16, 2021",2.16,547.74
Nick Pope,GHS_40,PDCE,Q3 2022,"Nov 7, 2022 AMC","Aug 5, 2021 124 days ago",2.06,613.35
Nick Pope,GHS_40,FANG,Q3 2022,"Nov 7, 2022 AMC","Nov 2, 2021",4.59,"1,814"
Nick Pope,GHS_40,NOG,Q3 2022,"Nov 10, 2022 BMO","Nov 10, 2021",1.68,268.57
Nick Pope,GHS_40,CIVI,Q4 2022,"Feb 8, 2023 BMO","Nov 16, 2021",2.09,536.04
Nick Pope,GHS_40,FANG,Q4 2022,"Feb 14, 2023 AMC","Nov 2, 2021",4.5,"1,797"
Nick Pope,GHS_40,LPI,Q4 2022,"Feb 15, 2023 AMC","Jul 8, 2021 152 days ago",8.43,280.84
Nick Pope,GHS_40,SM,Q4 2022,"Feb 22, 2023 AMC","Oct 29, 2021",1.54,585.48
Nick Pope,GHS_40,OVV,Q4 2022,"Feb 23, 2023 AMC","Sep 23, 2021 75 days ago",2.69,
Nick Pope,GHS_40,NOG,Q4 2022,"Mar 1, 2023 BMO","Nov 10, 2021",1.7,270.51
Nick Pope,GHS_40,PDCE,Q4 2022,"Mar 1, 2023 AMC","Aug 5, 2021 124 days ago",2.08,617.84
Analyst_umbi,Analyst_umbi,TSLA,Q4 2021,"Feb 2, 2022 AMC","Oct 19, 2021 49 days ago",2.31,"17,162"
Mayank Tandon,Needham_12,WNS,Q3 2022,"Jan 20, 2022 BMO","Oct 28, 2021",0.81,254.92
Mayank Tandon,Needham_12,PYPL,Q4 2021,"Feb 2, 2022 AMC","Nov 9, 2021",1.12,"6,900"
Mayank Tandon,Needham_12,EPAY,Q2 2022,"Feb 3, 2022 AMC","Nov 10, 2021",0.25,125.5
Mayank Tandon,Needham_12,EEFT,Q4 2021,"Feb 8, 2022 BMO","Oct 21, 2021 47 days ago",1.38,815.42
Mayank Tandon,Needham_12,CTSH,Q4 2021,"Feb 9, 2022 AMC","Oct 28, 2021",1.03,"4,777"
Mayank Tandon,Needham_12,G,Q4 2021,"Feb 10, 2022 AMC","Nov 10, 2021",0.52,"1,046"
Mayank Tandon,Needham_12,SSNC,Q4 2021,"Feb 16, 2022 AMC","Oct 29, 2021",1.25,"1,257"
Mayank Tandon,Needham_12,QTWO,Q4 2021,"Feb 16, 2022 AMC","Nov 4, 2021",0.05,131.89
Mayank Tandon,Needham_12,EPAM,Q4 2021,"Feb 17, 2022 BMO","Nov 4, 2021",2.51,"1,084"
Mayank Tandon,Needham_12,DAVA,Q2 2022,"Feb 17, 2022 BMO","Nov 17, 2021",0.6,207.89
Mayank Tandon,Needham_12,CSGP,Q4 2021,"Feb 22, 2022 AMC","Oct 27, 2021 41 days ago",0.29,502.29
Mayank Tandon,Needham_12,GDOT,Q4 2021,"Feb 23, 2022 AMC","Nov 5, 2021",0.33,310.59
Mayank Tandon,Needham_12,TREE,Q4 2021,"Feb 24, 2022 BMO","Oct 28, 2021",-0.35,265.36
Mayank Tandon,Needham_12,ACIW,Q4 2021,"Feb 24, 2022 BMO","Nov 4, 2021 33 days ago",1.12,453.93
Mayank Tandon,Needham_12,EVER,Q4 2021,"Feb 28, 2022 AMC","Nov 2, 2021",,95.74
Mayank Tandon,Needham_12,EXLS,Q4 2021,"Mar 1, 2022 BMO","Nov 2, 2021",1.13,286.19
Mayank Tandon,Needham_12,SPNS,Q4 2021,"Mar 1, 2022 BMO","Nov 3, 2021 34 days ago",0.3,121.7
Mayank Tandon,Needham_12,PRFT,Q4 2021,"Mar 1, 2022 BMO","Oct 28, 2021",0.92,207.27
Mayank Tandon,Needham_12,SQ,Q4 2021,"Mar 2, 2022 AMC","Nov 5, 2021",0.26,"3,859"
Mayank Tandon,Needham_12,GWRE,Q2 2022,"Mar 3, 2022 AMC","Dec 3, 2021",-0.14,197.24
Mayank Tandon,Needham_12,PAR,Q4 2021,"Mar 17, 2022 AMC","Dec 6, 2021",,76.96
Mayank Tandon,Needham_12,EEFT,Q1 2022,"Apr 26, 2022 AMC","Oct 21, 2021 47 days ago",0.75,719.03
Mayank Tandon,Needham_12,CSGP,Q1 2022,"Apr 27, 2022 AMC","Oct 27, 2021",0.32,512.46
Mayank Tandon,Needham_12,PYPL,Q1 2022,"Apr 27, 2022 AMC","Nov 9, 2021",1.12,"6,851"
Mayank Tandon,Needham_12,WNS,Q4 2022,"Apr 28, 2022 BMO","Oct 28, 2021",0.84,262.57
Mayank Tandon,Needham_12,TREE,Q1 2022,"Apr 28, 2022 BMO","Oct 28, 2021",0.19,287.7
Mayank Tandon,Needham_12,EXLS,Q1 2022,"May 3, 2022 BMO","Nov 2, 2021",1.16,289.27
Mayank Tandon,Needham_12,SQ,Q1 2022,"May 4, 2022 AMC","Nov 5, 2021",0.33,"3,985"
Mayank Tandon,Needham_12,ACIW,Q1 2022,"May 5, 2022 BMO","Nov 18, 2021",0.13,298.23
Mayank Tandon,Needham_12,EPAM,Q1 2022,"May 5, 2022 BMO","Nov 4, 2021",2.54,"1,095"
Mayank Tandon,Needham_12,PRFT,Q1 2022,"May 5, 2022 BMO","Oct 28, 2021",0.93,210.83
Mayank Tandon,Needham_12,SSNC,Q1 2022,"May 5, 2022 AMC","Oct 29, 2021",1.28,"1,280"
Mayank Tandon,Needham_12,EPAY,Q3 2022,"May 5, 2022 AMC","Nov 10, 2021 27 days ago",0.31,133.82
Mayank Tandon,Needham_12,G,Q1 2022,"May 5, 2022 AMC","Nov 10, 2021",0.59,"1,041"
Mayank Tandon,Needham_12,CTSH,Q1 2022,"May 6, 2022 AMC","Nov 22, 2021",1.02,"4,801"
Mayank Tandon,Needham_12,SPNS,Q1 2022,"May 9, 2022 BMO","Nov 3, 2021",0.3,122.31
Mayank Tandon,Needham_12,EVER,Q1 2022,"May 9, 2022 AMC","Nov 2, 2021",,103.01
Mayank Tandon,Needham_12,PAR,Q1 2022,"May 9, 2022 AMC","Dec 6, 2021",,76.22
Mayank Tandon,Needham_12,QTWO,Q1 2022,"May 10, 2022 AMC","Nov 4, 2021",0.05,135.56
Mayank Tandon,Needham_12,GDOT,Q1 2022,"May 11, 2022 AMC","Nov 5, 2021",0.95,413.45
Mayank Tandon,Needham_12,DAVA,Q3 2022,"May 25, 2022 BMO","Nov 17, 2021",0.56,215.79
Mayank Tandon,Needham_12,GWRE,Q3 2022,"Jun 1, 2022 AMC","Dec 3, 2021",-0.38,182.45
Mayank Tandon,Needham_12,EEFT,Q2 2022,"Jul 26, 2022 AMC","Oct 21, 2021 47 days ago",1.51,787.51
Mayank Tandon,Needham_12,CSGP,Q2 2022,"Jul 26, 2022 AMC","Oct 27, 2021 41 days ago",0.29,530.02
Mayank Tandon,Needham_12,PYPL,Q2 2022,"Jul 27, 2022 AMC","Nov 9, 2021",1.22,"7,374"
Mayank Tandon,Needham_12,SSNC,Q2 2022,"Jul 27, 2022 AMC","Oct 29, 2021",1.34,"1,314"
Mayank Tandon,Needham_12,EXLS,Q2 2022,"Jul 28, 2022 BMO","Nov 2, 2021",1.18,300.39
Mayank Tandon,Needham_12,ACIW,Q2 2022,"Jul 28, 2022 BMO","Nov 18, 2021",0.25,316.38
Mayank Tandon,Needham_12,TREE,Q2 2022,"Jul 28, 2022 BMO","Oct 28, 2021",0.54,303.92
Mayank Tandon,Needham_12,SQ,Q2 2022,"Aug 3, 2022 AMC","Nov 5, 2021",0.4,"4,228"
"Joseph Vafi, CFA",Canaccord_257,INFO,Q4 2021,"Jan 18, 2022 BMO","Jun 23, 2020 532 days ago",0.8,"1,171"
"Joseph Vafi, CFA",Canaccord_257,MSTR,Q4 2021,"Jan 27, 2022 AMC","Oct 28, 2021 40 days ago",1.35,134.8
"Joseph Vafi, CFA",Canaccord_257,UIS,Q4 2021,"Jan 27, 2022 AMC","Nov 3, 2021 34 days ago",0.39,543.93
"Joseph Vafi, CFA",Canaccord_257,PYPL,Q4 2021,"Feb 2, 2022 AMC","Nov 8, 2021",1.12,"6,928"
"Joseph Vafi, CFA",Canaccord_257,FIS,Q4 2021,"Feb 8, 2022 BMO","Feb 12, 2021 298 days ago",1.77,"3,675"
"Joseph Vafi, CFA",Canaccord_257,FISV,Q4 2021,"Feb 9, 2022 BMO","Aug 5, 2020 489 days ago",1.37,"4,405"
"Joseph Vafi, CFA",Canaccord_257,BILL,Q2 2022,"Feb 10, 2022 AMC","Nov 4, 2021 33 days ago",-0.02,130.82
"Joseph Vafi, CFA",Canaccord_257,COIN,Q4 2021,"Feb 10, 2022 AMC","Nov 9, 2021 28 days ago",1.39,"1,967"
"Joseph Vafi, CFA",Canaccord_257,QTWO,Q4 2021,"Feb 16, 2022 AMC","Nov 4, 2021 33 days ago",0.11,131.6
"Joseph Vafi, CFA",Canaccord_257,GDOT,Q4 2021,"Feb 23, 2022 AMC","Feb 22, 2021 288 days ago",0.35,286.82
"Joseph Vafi, CFA",Canaccord_257,ACIW,Q4 2021,"Feb 24, 2022 BMO","Nov 4, 2021",,452.21
"Joseph Vafi, CFA",Canaccord_257,ICFI,Q4 2021,"Mar 1, 2022 AMC","Nov 2, 2021",1.35,410.45
"Joseph Vafi, CFA",Canaccord_257,PLAN,Q4 2022,"Mar 2, 2022 AMC","Nov 23, 2021",-0.1,154.41
"Joseph Vafi, CFA",Canaccord_257,SQ,Q4 2021,"Mar 2, 2022 AMC","Nov 4, 2021",0.3,"1,401"
"Joseph Vafi, CFA",Canaccord_257,TTEC,Q4 2021,"Mar 9, 2022 AMC","Nov 10, 2021",1.04,594
"Joseph Vafi, CFA",Canaccord_257,COUP,Q4 2022,"Mar 14, 2022 AMC","Dec 6, 2021",0.05,185.53
"Joseph Vafi, CFA",Canaccord_257,RPAY,Q4 2021,"Mar 21, 2022 AMC","Nov 15, 2021 22 days ago",0.16,62.2
"Joseph Vafi, CFA",Canaccord_257,ZUO,Q4 2022,"Mar 24, 2022 AMC","Dec 1, 2021 6 days ago",-0.02,90.41
"Joseph Vafi, CFA",Canaccord_257,PYPL,Q1 2022,"Apr 27, 2022 AMC","Nov 8, 2021",1.32,"7,090"
"Joseph Vafi, CFA",Canaccord_257,MSTR,Q1 2022,"Apr 28, 2022 AMC","Oct 28, 2021 40 days ago",1.68,130.22
"Joseph Vafi, CFA",Canaccord_257,FIS,Q1 2022,"May 3, 2022 BMO","Feb 12, 2021 298 days ago",1.68,"3,517"
"Joseph Vafi, CFA",Canaccord_257,UIS,Q1 2022,"May 3, 2022 AMC","Nov 3, 2021 34 days ago",0.58,535.29
"Joseph Vafi, CFA",Canaccord_257,SQ,Q1 2022,"May 4, 2022 AMC","Nov 4, 2021",0.52,"1,467"
"Joseph Vafi, CFA",Canaccord_257,ACIW,Q1 2022,"May 5, 2022 BMO","Aug 5, 2021 124 days ago",,302.3
"Joseph Vafi, CFA",Canaccord_257,ICFI,Q1 2022,"May 5, 2022 AMC","Nov 2, 2021",1.31,406.86
"Joseph Vafi, CFA",Canaccord_257,TTEC,Q1 2022,"May 10, 2022 AMC","Nov 10, 2021",1.19,604.36
"Joseph Vafi, CFA",Canaccord_257,QTWO,Q1 2022,"May 10, 2022 AMC","Aug 5, 2021 124 days ago",0.14,136.95
"Joseph Vafi, CFA",Canaccord_257,GDOT,Q1 2022,"May 11, 2022 AMC","Feb 22, 2021 288 days ago",0.86,359.6
"Joseph Vafi, CFA",Canaccord_257,BILL,Q3 2022,"May 12, 2022 AMC","Nov 4, 2021 33 days ago",0,141.74
"Joseph Vafi, CFA",Canaccord_257,COIN,Q1 2022,"May 12, 2022 AMC","Nov 9, 2021 28 days ago",2.71,"1,947"
"Joseph Vafi, CFA",Canaccord_257,RPAY,Q1 2022,"May 16, 2022 AMC","Nov 15, 2021",0.24,63.7
"Joseph Vafi, CFA",Canaccord_257,PLAN,Q1 2023,"May 31, 2022 BMO","Nov 23, 2021",-0.09,162.09
"Joseph Vafi, CFA",Canaccord_257,ZUO,Q1 2023,"Jun 2, 2022 AMC","Dec 1, 2021",-0.01,93.12
"Joseph Vafi, CFA",Canaccord_257,COUP,Q1 2023,"Jun 6, 2022 AMC","Dec 6, 2021",0.32,195.47
"Joseph Vafi, CFA",Canaccord_257,PYPL,Q2 2022,"Jul 27, 2022 AMC","Nov 8, 2021",1.34,"7,214"
"Joseph Vafi, CFA",Canaccord_257,ACIW,Q2 2022,"Jul 28, 2022 BMO","Aug 5, 2021 124 days ago",,319.77
"Joseph Vafi, CFA",Canaccord_257,MSTR,Q2 2022,"Jul 28, 2022 AMC","Oct 28, 2021 40 days ago",1.66,132.13
"Joseph Vafi, CFA",Canaccord_257,FIS,Q2 2022,"Aug 2, 2022 BMO","Feb 12, 2021 298 days ago",1.75,"3,592"
"Joseph Vafi, CFA",Canaccord_257,ICFI,Q2 2022,"Aug 2, 2022 AMC","Nov 2, 2021",1.37,421.96
"Joseph Vafi, CFA",Canaccord_257,UIS,Q2 2022,"Aug 2, 2022 AMC","Nov 3, 2021 34 days ago",0.56,543.17
"Joseph Vafi, CFA",Canaccord_257,SQ,Q2 2022,"Aug 3, 2022 AMC","Nov 4, 2021 33 days ago",0.59,"1,540"
"Joseph Vafi, CFA",Canaccord_257,QTWO,Q2 2022,"Aug 3, 2022 AMC","Aug 5, 2021 124 days ago",0.14,145.28
"Joseph Vafi, CFA",Canaccord_257,GDOT,Q2 2022,"Aug 9, 2022 AMC","Feb 22, 2021 288 days ago",0.54,314
"Joseph Vafi, CFA",Canaccord_257,COIN,Q2 2022,"Aug 9, 2022 AMC","Nov 9, 2021 28 days ago",3.08,"2,199"
"Joseph Vafi, CFA",Canaccord_257,TTEC,Q2 2022,"Aug 10, 2022 AMC","Nov 10, 2021",1.22,619.21
"Joseph Vafi, CFA",Canaccord_257,RPAY,Q2 2022,"Aug 16, 2022 AMC","Nov 15, 2021",0.23,70.2
"Joseph Vafi, CFA",Canaccord_257,PLAN,Q2 2023,"Aug 30, 2022 BMO","Nov 23, 2021",-0.1,180.08
"Joseph Vafi, CFA",Canaccord_257,ZUO,Q2 2023,"Sep 1, 2022 AMC","Dec 1, 2021",0,100.41
"Joseph Vafi, CFA",Canaccord_257,BILL,Q4 2022,"Sep 1, 2022 AMC","Nov 4, 2021 33 days ago",0.03,149.97
"Joseph Vafi, CFA",Canaccord_257,COUP,Q2 2023,"Sep 6, 2022 AMC","Dec 6, 2021",0.34,214.66
Nicolás Suarez,ValionCapital,AVGO,Q4 2021,"Dec 9, 2021 AMC","Dec 2, 2021",7.64,"7,235"
Nicolás Suarez,ValionCapital,COST,Q1 2022,"Dec 9, 2021 AMC","Dec 2, 2021",2.96,"57,500"
Analyst_7529772,Analyst_7529772,UMC,Q4 2021,"Jan 26, 2022 BMO","Nov 3, 2021",0.22,"2,073"
Analyst_7529772,Analyst_7529772,QTWO,Q4 2021,"Feb 16, 2022 AMC","Nov 3, 2021",0.08,133.34
Analyst_7529772,Analyst_7529772,VIAC,Q4 2021,"Feb 17, 2022 BMO","Nov 3, 2021",0.83,"7,569"
Analyst_7529772,Analyst_7529772,UMC,Q1 2022,"Apr 27, 2022 BMO","Nov 3, 2021",0.24,"2,060"
Analyst_7529772,Analyst_7529772,VIAC,Q1 2022,"May 5, 2022 BMO","Nov 3, 2021",1.21,"7,469"
Analyst_7529772,Analyst_7529772,QTWO,Q1 2022,"May 10, 2022 AMC","Nov 3, 2021",0.11,140.69
Analyst_7529772,Analyst_7529772,UMC,Q2 2022,"Jul 27, 2022 BMO","Nov 3, 2021",0.26,"2,113"
Analyst_7529772,Analyst_7529772,QTWO,Q2 2022,"Aug 3, 2022 AMC","Nov 3, 2021",0.12,146.98
Analyst_7529772,Analyst_7529772,VIAC,Q2 2022,"Aug 11, 2022 BMO","Nov 3, 2021",1.13,"6,969"
Analyst_7529772,Analyst_7529772,UMC,Q3 2022,"Oct 26, 2022 BMO","Nov 3, 2021",0.29,"2,130"
Analyst_Holly,Analyst_Holly,UNH,Q4 2021,"Jan 18, 2022 BMO","Nov 10, 2021",4.45,"72,800"
Analyst_Holly,Analyst_Holly,SWKS,Q1 2022,"Jan 27, 2022 AMC","Dec 2, 2021",3.2,"1,530"
Analyst_Holly,Analyst_Holly,ABBV,Q4 2021,"Jan 28, 2022 BMO","Nov 8, 2021",3.37,"15,050"
Analyst_Holly,Analyst_Holly,LMT,Q4 2021,"Feb 1, 2022 BMO","Nov 1, 2021",6.85,"17,500"
Analyst_Holly,Analyst_Holly,AX,Q2 2022,"Feb 1, 2022 AMC","Nov 3, 2021",0.98,173
Analyst_Holly,Analyst_Holly,FB,Q4 2021,"Feb 2, 2022 AMC","Nov 5, 2021",4.08,"34,400"
Analyst_Holly,Analyst_Holly,GOOGL,Q4 2021,"Feb 2, 2022 AMC","Nov 4, 2021",28,"60,000"
Analyst_Holly,Analyst_Holly,REGN,Q4 2021,"Feb 10, 2022 BMO","Nov 9, 2021",19.4,"4,340"
Analyst_Holly,Analyst_Holly,EHC,Q4 2021,"Feb 22, 2022 AMC","Dec 7, 2021",1.14,"1,315"
Analyst_Holly,Analyst_Holly,NXST,Q4 2021,"Mar 1, 2022 BMO","Nov 8, 2021",5.25,"1,251"
Analyst_Holly,Analyst_Holly,MED,Q4 2021,"Mar 10, 2022 AMC","Dec 2, 2021",3.1,386
Analyst_883247,Analyst_883247,RH,Q3 2021,"Dec 8, 2021 AMC","Dec 6, 2021",7.03,988.05
Analyst_883247,Analyst_883247,LULU,Q3 2021,"Dec 9, 2021 AMC","Dec 6, 2021",1.56,"1,480"
Analyst_883247,Analyst_883247,NKE,Q2 2022,"Dec 20, 2021 AMC","Oct 13, 2021 56 days ago",0.75,"11,885"
Analyst_883247,Analyst_883247,ERIC,Q4 2021,"Jan 25, 2022 BMO","Dec 2, 2021",0.27,"7,846"
Analyst_883247,Analyst_883247,FCX,Q4 2021,"Jan 27, 2022 BMO","Oct 26, 2021",0.88,"6,395"
Analyst_883247,Analyst_883247,F,Q4 2021,"Jan 27, 2022 AMC","Nov 22, 2021",0.41,"42,666"
Analyst_883247,Analyst_883247,SBH,Q1 2022,"Feb 3, 2022 BMO","Nov 17, 2021",0.62,998.22
Analyst_883247,Analyst_883247,ODFL,Q4 2021,"Feb 3, 2022 BMO","Oct 31, 2021",2.26,"1,374"
Analyst_883247,Analyst_883247,SNAP,Q4 2021,"Feb 8, 2022 AMC","Oct 31, 2021",0.13,"1,265"
Analyst_883247,Analyst_883247,AOSL,Q2 2022,"Feb 9, 2022 AMC","Nov 6, 2021",1.06,188.2
Analyst_883247,Analyst_883247,SYNA,Q2 2022,"Feb 10, 2022 AMC","Nov 6, 2021",3.07,404.71
Analyst_883247,Analyst_883247,UAA,Q4 2021,"Feb 15, 2022 BMO","Nov 6, 2021",0.15,"1,475"
Analyst_883247,Analyst_883247,WIRE,Q4 2021,"Feb 17, 2022 AMC","Nov 2, 2021",3.17,563.79
Analyst_883247,Analyst_883247,HFC,Q4 2021,"Feb 23, 2022 BMO","Nov 18, 2021",0.62,"4,349"
Analyst_883247,Analyst_883247,OSTK,Q4 2021,"Mar 18, 2022 BMO","Oct 30, 2021",0.5,688.95
Analyst_1729238,Analyst_1729238,GME,Q3 2021,"Dec 8, 2021 AMC","Nov 20, 2021",-0.03,"1,315"
Analyst_1729238,Analyst_1729238,DHR,Q4 2021,"Feb 1, 2022 BMO","Apr 21, 2021 230 days ago",2.04,"7,038"
Analyst_1729238,Analyst_1729238,GME,Q4 2021,"Mar 24, 2022 AMC","Nov 20, 2021",1.71,"2,207"
Analyst_1729238,Analyst_1729238,GME,Q1 2022,"May 26, 2022 AMC","Nov 20, 2021",0.05,"1,453"
Analyst_1729238,Analyst_1729238,GME,Q2 2022,"Aug 25, 2022 AMC","Nov 20, 2021",-0.05,"1,233"
Tobey Sommer,Suntrust_86,KFY,Q2 2022,"Dec 8, 2021 BMO","Sep 8, 2021 90 days ago",1.37,600
Tobey Sommer,Suntrust_86,MAN,Q4 2021,"Feb 1, 2022 BMO","Oct 19, 2021 49 days ago",2.02,"5,307"
Tobey Sommer,Suntrust_86,RHI,Q4 2021,"Feb 1, 2022 AMC","Oct 21, 2021 47 days ago",1.42,"1,696"
Tobey Sommer,Suntrust_86,CACI,Q2 2022,"Feb 2, 2022 AMC","Oct 29, 2021",4.62,"1,531"
Tobey Sommer,Suntrust_86,EXPO,Q4 2021,"Feb 3, 2022 AMC","Oct 29, 2021",0.35,102
Tobey Sommer,Suntrust_86,BAH,Q3 2022,"Feb 4, 2022 BMO","Oct 29, 2021",0.92,"2,178"
Tobey Sommer,Suntrust_86,KFRC,Q4 2021,"Feb 8, 2022 AMC","Nov 2, 2021",0.98,398
Tobey Sommer,Suntrust_86,BCO,Q4 2021,"Feb 9, 2022 BMO","Oct 27, 2021",1.45,"1,048"
Tobey Sommer,Suntrust_86,NSP,Q4 2021,"Feb 14, 2022 AMC","Nov 2, 2021",0.71,"1,200"
Tobey Sommer,Suntrust_86,ASGN,Q4 2021,"Feb 16, 2022 AMC","Oct 27, 2021",1.33,"1,020"
Tobey Sommer,Suntrust_86,AMN,Q4 2021,"Feb 17, 2022 AMC","Nov 5, 2021",2.29,"1,140"
Tobey Sommer,Suntrust_86,LDOS,Q4 2021,"Feb 22, 2022 BMO","Nov 2, 2021",1.6,"3,554"
Tobey Sommer,Suntrust_86,MANT,Q4 2021,"Feb 23, 2022 AMC","Nov 3, 2021",0.81,643
Tobey Sommer,Suntrust_86,HURN,Q4 2021,"Feb 23, 2022 AMC","Nov 3, 2021",0.76,237
Tobey Sommer,Suntrust_86,EHTH,Q4 2021,"Feb 24, 2022 BMO","Nov 8, 2021",0.92,256.5
Tobey Sommer,Suntrust_86,FCN,Q4 2021,"Feb 24, 2022 BMO","Oct 28, 2021",1,675
Tobey Sommer,Suntrust_86,KBR,Q4 2021,"Feb 25, 2022 BMO","Oct 28, 2021",0.64,"2,460"
Tobey Sommer,Suntrust_86,HSII,Q4 2021,"Feb 28, 2022 AMC","Oct 25, 2021",0.94,260
Tobey Sommer,Suntrust_86,ICFI,Q4 2021,"Mar 1, 2022 AMC","Nov 3, 2021",1.17,403
Tobey Sommer,Suntrust_86,APEI,Q4 2021,"Mar 1, 2022 AMC","Nov 9, 2021",0.34,152
Tobey Sommer,Suntrust_86,CCRN,Q4 2021,"Mar 2, 2022 AMC","Nov 3, 2021",1.07,585
Tobey Sommer,Suntrust_86,STRA,Q4 2021,"Mar 4, 2022 BMO","Nov 4, 2021",0.7,271
Tobey Sommer,Suntrust_86,KFY,Q3 2022,"Mar 9, 2022 BMO","Dec 1, 2021",1.14,574
Tobey Sommer,Suntrust_86,PSN,Q4 2021,"Mar 15, 2022 BMO","Nov 4, 2021",0.49,940
Tobey Sommer,Suntrust_86,SAIC,Q4 2022,"Mar 31, 2022 BMO","Dec 6, 2021",1.09,"1,763"
Tobey Sommer,Suntrust_86,EXPO,Q1 2022,"Apr 20, 2022 AMC","Oct 29, 2021",0.49,116
Tobey Sommer,Suntrust_86,MAN,Q1 2022,"Apr 21, 2022 BMO","Oct 19, 2021 49 days ago",1.3,"5,193"
Tobey Sommer,Suntrust_86,HSII,Q1 2022,"Apr 25, 2022 AMC","Oct 25, 2021",0.9,239
Tobey Sommer,Suntrust_86,RHI,Q1 2022,"Apr 26, 2022 AMC","Oct 21, 2021 47 days ago",1.24,"1,668"
Tobey Sommer,Suntrust_86,BCO,Q1 2022,"Apr 27, 2022 BMO","Oct 27, 2021",0.98,"1,085"
Tobey Sommer,Suntrust_86,ASGN,Q1 2022,"Apr 27, 2022 AMC","Oct 27, 2021 41 days ago",1.21,"1,018"
Tobey Sommer,Suntrust_86,FCN,Q1 2022,"Apr 28, 2022 BMO","Oct 28, 2021",1.74,708
Tobey Sommer,Suntrust_86,EHTH,Q1 2022,"Apr 28, 2022 AMC","Nov 8, 2021",0.09,120.9
Tobey Sommer,Suntrust_86,KBR,Q1 2022,"Apr 29, 2022 BMO","Oct 28, 2021 40 days ago",0.52,"1,831"
Tobey Sommer,Suntrust_86,NSP,Q1 2022,"May 2, 2022 AMC","Nov 2, 2021",1.79,"1,320"
Tobey Sommer,Suntrust_86,HURN,Q1 2022,"May 3, 2022 AMC","Nov 3, 2021",0.42,231
Tobey Sommer,Suntrust_86,KFRC,Q1 2022,"May 3, 2022 AMC","Nov 2, 2021",0.77,400
Tobey Sommer,Suntrust_86,STRA,Q1 2022,"May 4, 2022 BMO","Nov 4, 2021",0.73,263
Tobey Sommer,Suntrust_86,CACI,Q3 2022,"May 4, 2022 AMC","Oct 29, 2021 40 days ago",4.72,"1,630"
Tobey Sommer,Suntrust_86,MANT,Q1 2022,"May 4, 2022 AMC","Nov 3, 2021",0.78,664
Tobey Sommer,Suntrust_86,CCRN,Q1 2022,"May 4, 2022 AMC","Nov 3, 2021",0.45,424
Tobey Sommer,Suntrust_86,LDOS,Q1 2022,"May 5, 2022 BMO","Nov 2, 2021",1.6,"3,586"
Tobey Sommer,Suntrust_86,ICFI,Q1 2022,"May 5, 2022 AMC","Nov 3, 2021 35 days ago",1.11,399
Tobey Sommer,Suntrust_86,AMN,Q1 2022,"May 5, 2022 AMC","Nov 5, 2021",1.59,973
Tobey Sommer,Suntrust_86,APEI,Q1 2022,"May 10, 2022 AMC","Nov 9, 2021",0.39,151.3
Tobey Sommer,Suntrust_86,BAH,Q4 2022,"May 31, 2022 BMO","Oct 29, 2021",0.96,"2,247"
Tobey Sommer,Suntrust_86,SAIC,Q1 2023,"Jun 13, 2022 AMC","Dec 6, 2021",1.62,"1,876"
Tobey Sommer,Suntrust_86,PSN,Q1 2022,"Jun 21, 2022 BMO","Nov 4, 2021",0.36,932
Tobey Sommer,Suntrust_86,KFY,Q4 2022,"Jun 21, 2022 BMO","Dec 1, 2021",1.17,600
Tobey Sommer,Suntrust_86,EXPO,Q2 2022,"Jul 19, 2022 AMC","Oct 29, 2021 39 days ago",0.51,119
Tobey Sommer,Suntrust_5,KFY,Q2 2022,"Dec 8, 2021 BMO","Jul 2, 2020 523 days ago",0.4,427
Tobey Sommer,Suntrust_5,MAN,Q4 2021,"Feb 1, 2022 BMO","Jul 20, 2020 505 days ago",1.28,"4,776"
Tobey Sommer,Suntrust_5,RHI,Q4 2021,"Feb 1, 2022 AMC","Jul 24, 2020 501 days ago",0.64,"1,323"
Tobey Sommer,Suntrust_5,CACI,Q2 2022,"Feb 2, 2022 AMC","Apr 30, 2020 586 days ago",3.44,"1,525"
Tobey Sommer,Suntrust_5,EXPO,Q4 2021,"Feb 3, 2022 AMC","Jul 31, 2020 494 days ago",0.41,108
Tobey Sommer,Suntrust_5,BAH,Q3 2022,"Feb 4, 2022 BMO","May 26, 2020 560 days ago",0.96,"2,108"
Tobey Sommer,Suntrust_5,KFRC,Q4 2021,"Feb 8, 2022 AMC","May 6, 2020 580 days ago",0.53,328
Tobey Sommer,Suntrust_5,BCO,Q4 2021,"Feb 9, 2022 BMO","Jul 29, 2020 496 days ago",1.43,"1,008"
Tobey Sommer,Suntrust_5,NSP,Q4 2021,"Feb 14, 2022 AMC","May 4, 2020 582 days ago",0.48,"1,005"
Tobey Sommer,Suntrust_5,ASGN,Q4 2021,"Feb 16, 2022 AMC","Jul 30, 2020 495 days ago",1.18,"1,005"
Tobey Sommer,Suntrust_5,AMN,Q4 2021,"Feb 17, 2022 AMC","Jul 21, 2020 504 days ago",0.69,545
Tobey Sommer,Suntrust_5,LDOS,Q4 2021,"Feb 22, 2022 BMO","May 5, 2020 581 days ago",1.67,"3,618"
Tobey Sommer,Suntrust_5,MANT,Q4 2021,"Feb 23, 2022 AMC","Jul 29, 2020 496 days ago",0.87,659
Tobey Sommer,Suntrust_5,HURN,Q4 2021,"Feb 23, 2022 AMC","Jul 30, 2020 495 days ago",0.93,235
Tobey Sommer,Suntrust_5,EHTH,Q4 2021,"Feb 24, 2022 BMO","Jul 23, 2020 502 days ago",5.38,469
Tobey Sommer,Suntrust_5,FCN,Q4 2021,"Feb 24, 2022 BMO","Jul 30, 2020 495 days ago",1.31,631
Tobey Sommer,Suntrust_5,KBR,Q4 2021,"Feb 25, 2022 BMO","Apr 29, 2020 587 days ago",0.53,"1,511"
Tobey Sommer,Suntrust_5,HSII,Q4 2021,"Feb 28, 2022 AMC","Jul 27, 2020 498 days ago",0.36,148
Tobey Sommer,Suntrust_5,ICFI,Q4 2021,"Mar 1, 2022 AMC","Jun 22, 2020 533 days ago",1.51,427
Tobey Sommer,Suntrust_5,CCRN,Q4 2021,"Mar 2, 2022 AMC","May 7, 2020 579 days ago",0.03,169
Tobey Sommer,Suntrust_5,KFY,Q3 2022,"Mar 9, 2022 BMO","Jul 2, 2020 523 days ago",0.43,434
Tobey Sommer,Suntrust_5,PSN,Q4 2021,"Mar 15, 2022 BMO","May 6, 2020 580 days ago",0.57,"1,057"
Tobey Sommer,Suntrust_5,SAIC,Q4 2022,"Mar 31, 2022 BMO","Jun 4, 2020 551 days ago",1.79,"1,874"
Brian Kinstlinger,Europac_4,MANT,Q4 2021,"Feb 23, 2022 AMC","Nov 3, 2021",0.72,642
Brian Kinstlinger,Europac_4,PRFT,Q4 2021,"Mar 1, 2022 BMO","Oct 28, 2021",0.91,"207,290"
Brian Kinstlinger,Europac_4,OOMA,Q4 2022,"Mar 8, 2022 AMC","Dec 3, 2021 4 days ago",0.11,"50,121"
Brian Kinstlinger,Europac_4,MANT,Q1 2022,"May 4, 2022 AMC","Nov 3, 2021",0.73,662
Brian Kinstlinger,Europac_4,PRFT,Q1 2022,"May 5, 2022 BMO","Oct 28, 2021",0.88,"212,225"
Brian Kinstlinger,Europac_4,OOMA,Q1 2023,"May 24, 2022 AMC","Dec 3, 2021",0.12,"49,941"
Brian Kinstlinger,Europac_4,MANT,Q2 2022,"Aug 3, 2022 AMC","Nov 3, 2021 34 days ago",0.81,676
Brian Kinstlinger,Europac_4,PRFT,Q2 2022,"Aug 4, 2022 BMO","Oct 28, 2021",1.02,"227,885"
Brian Kinstlinger,Europac_4,OOMA,Q2 2023,"Aug 30, 2022 AMC","Dec 3, 2021 4 days ago",0.14,"51,467"
Brian Kinstlinger,Europac_4,MANT,Q3 2022,"Nov 2, 2022 AMC","Nov 3, 2021",0.8,666
Brian Kinstlinger,Europac_4,PRFT,Q3 2022,"Nov 3, 2022 BMO","Oct 28, 2021",1.06,"237,239"
Brian Kinstlinger,Europac_4,OOMA,Q3 2023,"Nov 29, 2022 AMC","Dec 3, 2021",0.16,"52,732"
Brian Kinstlinger,Europac_4,MANT,Q4 2022,"Feb 22, 2023 AMC","Nov 3, 2021",0.77,670
Brian Kinstlinger,Europac_4,PRFT,Q4 2022,"Feb 28, 2023 BMO","Oct 28, 2021",1.08,"242,382"
Brian Kinstlinger,Europac_4,OOMA,Q4 2023,"Mar 7, 2023 AMC","Dec 3, 2021",0.16,"54,106"
Brian Kinstlinger,Europac_4,MANT,Q1 2023,"May 3, 2023 AMC","Nov 3, 2021",0.75,668
Brian Kinstlinger,Europac_4,PRFT,Q1 2023,"May 4, 2023 BMO","Oct 28, 2021",1.02,"243,977"
Brian Kinstlinger,Europac_4,OOMA,Q1 2024,"May 23, 2023 AMC","Dec 3, 2021",0.16,"55,222"
Brian Kinstlinger,Europac_4,MANT,Q2 2023,"Aug 2, 2023 AMC","Nov 3, 2021",0.82,683
Brian Kinstlinger,Europac_4,PRFT,Q2 2023,"Aug 3, 2023 BMO","Oct 28, 2021",1.16,"262,020"
Brian Kinstlinger,Europac_4,OOMA,Q2 2024,"Aug 29, 2023 AMC","Dec 3, 2021",0.18,"56,766"
TheRod,TheRod,PAYC,Q4 2021,"Feb 8, 2022 AMC","Nov 2, 2021",1,280
TheRod,TheRod,TTD,Q4 2021,"Feb 17, 2022 BMO","Nov 8, 2021",0.33,401
TheRod,TheRod,ENPH,Q4 2021,"Mar 1, 2022 AMC","Oct 27, 2021",0.6,405
Analyst_7902306,Analyst_7902306,CSX,Q4 2021,"Jan 18, 2022 AMC","Oct 20, 2021 48 days ago",0.41,"3,195"
Analyst_7902306,Analyst_7902306,IBM,Q4 2021,"Jan 24, 2022 AMC","Oct 20, 2021 48 days ago",4.18,"20,781"
Analyst_7902306,Analyst_7902306,LVS,Q4 2021,"Jan 26, 2022 AMC","Oct 20, 2021 48 days ago",-0.01,"1,616"
Analyst_7902306,Analyst_7902306,DFS,Q4 2021,"Jan 26, 2022 AMC","Oct 20, 2021 48 days ago",3.16,"2,995"
Analyst_3992777,Analyst_3992777,MU,Q1 2022,"Dec 20, 2021 AMC","Nov 13, 2021",2.55,"8,400"
Analyst_3992777,Analyst_3992777,BX,Q4 2021,"Jan 27, 2022 BMO","Sep 30, 2021 68 days ago",1.05,"2,800"
Analyst_3992777,Analyst_3992777,F,Q4 2021,"Jan 27, 2022 AMC","Sep 30, 2021 68 days ago",0.33,"43,000"
Analyst_3992777,Analyst_3992777,AMD,Q4 2021,"Feb 1, 2022 AMC","Sep 30, 2021 68 days ago",0.8,"4,600"
Analyst_3992777,Analyst_3992777,PTON,Q2 2022,"Feb 9, 2022 AMC","Nov 13, 2021",0.01,"1,200"
Analyst_3992777,Analyst_3992777,DDD,Q4 2021,"Mar 2, 2022 AMC","Nov 1, 2021",0.25,250
Analyst_3992777,Analyst_3992777,MU,Q2 2022,"Mar 30, 2022 AMC","Nov 13, 2021",3,"9,000"
Analyst_3992777,Analyst_3992777,BX,Q1 2022,"Apr 21, 2022 BMO","Sep 30, 2021 68 days ago",1.1,"2,900"
Analyst_3992777,Analyst_3992777,F,Q1 2022,"Apr 28, 2022 AMC","Sep 30, 2021 68 days ago",0.6,"50,500"
Analyst_3992777,Analyst_3992777,AMD,Q1 2022,"May 3, 2022 AMC","Sep 30, 2021 68 days ago",0.83,"4,800"
Analyst_3992777,Analyst_3992777,DDD,Q1 2022,"May 4, 2022 AMC","Nov 1, 2021",0.3,300
Analyst_3992777,Analyst_3992777,PTON,Q3 2022,"May 11, 2022 AMC","Nov 13, 2021",0.1,"1,500"
Analyst_3992777,Analyst_3992777,MU,Q3 2022,"Jun 30, 2022 AMC","Nov 13, 2021",3.05,"9,250"
Analyst_3992777,Analyst_3992777,PTON,Q4 2022,"Sep 15, 2022 AMC","Nov 13, 2021",0.2,"1,750"
Analyst_3992777,Analyst_3992777,MU,Q4 2022,"Sep 27, 2022 AMC","Nov 13, 2021",3.15,"9,500"
Analyst_3992777,Analyst_3992777,PTON,Q1 2023,"Nov 9, 2022 AMC","Nov 13, 2021",1,"2,000"
Strontain,Strontain,MLM,Q4 2021,"Feb 15, 2022 BMO","Nov 6, 2021",3.02,"1,420"
GregTripple,GregTripple,AIMC,Q4 2021,"Feb 17, 2022 BMO","May 1, 2021 220 days ago",0.8,460
GregTripple,GregTripple,AIMC,Q1 2022,"Apr 29, 2022 BMO","May 1, 2021 220 days ago",0.9,500
Analyst_1803373,Analyst_1803373,DHI,Q1 2022,"Jan 25, 2022 BMO","Nov 9, 2021",3.09,"7,200"
Analyst_1803373,Analyst_1803373,FB,Q4 2021,"Feb 2, 2022 AMC","Oct 25, 2021",4.06,"33,000"
Analyst_1803373,Analyst_1803373,SNOW,Q4 2022,"Mar 2, 2022 AMC","Dec 6, 2021",0.02,400
Analyst_1803373,Analyst_1803373,SMAR,Q4 2022,"Mar 22, 2022 AMC","Dec 2, 2021",-0.02,158
mdainvest,mdainvest,AVGO,Q4 2021,"Dec 9, 2021 AMC","Dec 6, 2021",7.82,"7,385"
mdainvest,mdainvest,ORCL,Q2 2022,"Dec 9, 2021 AMC","Dec 6, 2021",1.15,"10,318"
mdainvest,mdainvest,GRUB,Q3 2021,"Dec 10, 2021 AMC","Dec 3, 2021",-0.19,580.67
mdainvest,mdainvest,ADBE,Q4 2021,"Dec 16, 2021 AMC","Dec 6, 2021",3.26,"4,122"
mdainvest,mdainvest,BB,Q3 2022,"Dec 16, 2021 AMC","Dec 6, 2021",-0.04,185.95
mdainvest,mdainvest,NFLX,Q4 2021,"Jan 18, 2022 AMC","Oct 25, 2021",1.51,"7,810"
TraderBob16,TraderBob16,NKE,Q2 2022,"Dec 20, 2021 AMC","Aug 20, 2021 109 days ago",1.08,"12,925"
TraderBob16,TraderBob16,ILMN,Q4 2021,"Feb 1, 2022 AMC","Nov 4, 2021",1.45,"1,100"
TraderBob16,TraderBob16,AAPL,Q1 2022,"Feb 1, 2022 AMC","Oct 28, 2021",1.99,"124,330"
TraderBob16,TraderBob16,PAYC,Q4 2021,"Feb 8, 2022 AMC","Nov 2, 2021",1.07,273
TraderBob16,TraderBob16,PINS,Q4 2021,"Feb 10, 2022 AMC","Nov 4, 2021",0.57,912
TraderBob16,TraderBob16,NVTA,Q4 2021,"Feb 14, 2022 AMC","Nov 8, 2021",-0.6,140.2
TraderBob16,TraderBob16,TWLO,Q4 2021,"Feb 15, 2022 AMC","Oct 26, 2021",0.03,751
TraderBob16,TraderBob16,SHOP,Q4 2021,"Feb 16, 2022 BMO","Oct 27, 2021",1.35,"1,400"
TraderBob16,TraderBob16,AMAT,Q1 2022,"Feb 16, 2022 AMC","Aug 20, 2021 109 days ago",2.02,"6,500"
TraderBob16,TraderBob16,TTD,Q4 2021,"Feb 17, 2022 BMO","Nov 5, 2021",0.26,398.3
TraderBob16,TraderBob16,DDOG,Q4 2021,"Feb 17, 2022 AMC","Nov 4, 2021",0.1,265.6
TraderBob16,TraderBob16,ANET,Q4 2021,"Feb 17, 2022 AMC","Nov 1, 2021",0.69,755
TraderBob16,TraderBob16,NVDA,Q4 2022,"Feb 17, 2022 AMC","Nov 17, 2021",1.16,"7,010"
TraderBob16,TraderBob16,NLS,Q4 2021,"Feb 21, 2022 AMC","Nov 1, 2021",0.25,178.7
TraderBob16,TraderBob16,FIVN,Q4 2021,"Feb 22, 2022 AMC","Nov 8, 2021",0.33,169.5
TraderBob16,TraderBob16,AYX,Q4 2021,"Feb 23, 2022 AMC","Nov 2, 2021",0.3,165.2
TraderBob16,TraderBob16,GOGO,Q4 2021,"Feb 24, 2022 BMO","Nov 3, 2021",0.11,91.25
TraderBob16,TraderBob16,RDFN,Q4 2021,"Feb 24, 2022 AMC","Nov 4, 2021",-0.18,510
TraderBob16,TraderBob16,ROKU,Q4 2021,"Feb 24, 2022 AMC","Nov 3, 2021",0.3,965
TraderBob16,TraderBob16,FSLY,Q4 2021,"Feb 24, 2022 AMC","Nov 3, 2021",-0.12,97.5
TraderBob16,TraderBob16,DKNG,Q4 2021,"Feb 25, 2022 BMO","Aug 23, 2021 106 days ago",-0.4,443.5
TraderBob16,TraderBob16,JMIA,Q4 2021,"Mar 1, 2022 BMO","Nov 15, 2021",-0.36,55.95
TraderBob16,TraderBob16,VEEV,Q4 2022,"Mar 1, 2022 AMC","Dec 1, 2021",0.87,478.1
TraderBob16,TraderBob16,SSYS,Q4 2021,"Mar 2, 2022 BMO","Nov 3, 2021",0.02,156
TraderBob16,TraderBob16,ESTC,Q3 2022,"Mar 2, 2022 AMC","Dec 1, 2021",-0.12,204.25
TraderBob16,TraderBob16,SNOW,Q4 2022,"Mar 2, 2022 AMC","Dec 1, 2021",-0.04,343.7
TraderBob16,TraderBob16,FTCH,Q4 2021,"Mar 3, 2022 AMC","May 13, 2021 208 days ago",-0.1,700
TraderBob16,TraderBob16,YEXT,Q4 2022,"Mar 9, 2022 AMC","Aug 30, 2021 99 days ago",0,102.25
TraderBob16,TraderBob16,ZM,Q4 2022,"Mar 9, 2022 AMC","Aug 30, 2021 99 days ago",1.21,"1,065"
TraderBob16,TraderBob16,PGNY,Q4 2021,"Mar 10, 2022 AMC","Nov 4, 2021",0.08,144.02
TraderBob16,TraderBob16,OKTA,Q4 2022,"Mar 10, 2022 AMC","Dec 1, 2021",-0.22,360.4
TraderBob16,TraderBob16,COUP,Q4 2022,"Mar 14, 2022 AMC","Dec 6, 2021",0.05,190
TraderBob16,TraderBob16,PD,Q4 2022,"Mar 16, 2022 AMC","Dec 6, 2021",-0.08,74.52
TraderBob16,TraderBob16,MDB,Q4 2022,"Mar 16, 2022 AMC","Dec 6, 2021",-0.3,221.5
TraderBob16,TraderBob16,SMAR,Q4 2022,"Mar 22, 2022 AMC","Jun 2, 2021 188 days ago",-0.04,143.5
TraderBob16,TraderBob16,NKE,Q3 2022,"Mar 22, 2022 AMC","Aug 20, 2021 109 days ago",1.09,"12,000"
TraderBob16,TraderBob16,ILMN,Q1 2022,"Apr 26, 2022 AMC","Nov 4, 2021",1.27,"1,163"
TraderBob16,TraderBob16,SHOP,Q1 2022,"May 3, 2022 BMO","Oct 27, 2021",1.33,"1,330"
TraderBob16,TraderBob16,PAYC,Q1 2022,"May 3, 2022 AMC","Nov 2, 2021",1.85,336
TraderBob16,TraderBob16,AAPL,Q2 2022,"May 3, 2022 AMC","Oct 28, 2021",1.3,"88,150"
TraderBob16,TraderBob16,TWLO,Q1 2022,"May 3, 2022 AMC","Oct 26, 2021",0.04,794
TraderBob16,TraderBob16,SSYS,Q1 2022,"May 4, 2022 BMO","Nov 3, 2021",0.01,157.9
TraderBob16,TraderBob16,FIVN,Q1 2022,"May 4, 2022 AMC","Nov 8, 2021",0.33,170
TraderBob16,TraderBob16,ANET,Q1 2022,"May 5, 2022 AMC","Nov 1, 2021",0.67,745
TraderBob16,TraderBob16,GOGO,Q1 2022,"May 6, 2022 BMO","Nov 3, 2021",0.16,88.3
TraderBob16,TraderBob16,NVTA,Q1 2022,"May 9, 2022 AMC","Nov 8, 2021",-0.65,144.7
TraderBob16,TraderBob16,NLS,Q1 2022,"May 9, 2022 AMC","Nov 1, 2021",0.55,160
TraderBob16,TraderBob16,AYX,Q1 2022,"May 11, 2022 AMC","Nov 2, 2021",-0.14,130.1
TraderBob16,TraderBob16,FSLY,Q1 2022,"May 11, 2022 AMC","Nov 3, 2021",-0.1,100
TraderBob16,TraderBob16,ROKU,Q1 2022,"May 11, 2022 AMC","Nov 3, 2021",0.33,797
Plu,Plu,AVGO,Q4 2021,"Dec 9, 2021 AMC","Dec 2, 2021",7.9,"7,405"
Plu,Plu,ORCL,Q2 2022,"Dec 9, 2021 AMC","Dec 2, 2021",1.14,"10,238"
Plu,Plu,GRUB,Q3 2021,"Dec 10, 2021 AMC","Nov 26, 2021",-0.16,590.67
Plu,Plu,ADBE,Q4 2021,"Dec 16, 2021 AMC","Dec 2, 2021",3.22,"4,092"
Plu,Plu,BB,Q3 2022,"Dec 16, 2021 AMC","Dec 2, 2021",-0.05,178.17
Terry Tillman,Suntrust_93,MANH,Q4 2021,"Feb 1, 2022 AMC","Oct 26, 2021",,162.57
Terry Tillman,Suntrust_93,PCTY,Q2 2022,"Feb 3, 2022 AMC","Nov 4, 2021",,187.6
Terry Tillman,Suntrust_93,MODN,Q1 2022,"Feb 8, 2022 AMC","Aug 9, 2021 120 days ago",0.09,51.7
Terry Tillman,Suntrust_93,SWI,Q4 2021,"Feb 9, 2022 BMO","Oct 29, 2021 39 days ago",0.47,182.2
Terry Tillman,Suntrust_93,MIME,Q3 2022,"Feb 14, 2022 BMO","Aug 3, 2021 126 days ago",0.3,146.1
Terry Tillman,Suntrust_93,RNG,Q4 2021,"Feb 14, 2022 AMC","Nov 9, 2021 28 days ago",0.36,434
Terry Tillman,Suntrust_93,HUBS,Q4 2021,"Feb 15, 2022 AMC","Nov 3, 2021",0.53,357.3
Terry Tillman,Suntrust_93,SHOP,Q4 2021,"Feb 16, 2022 BMO","Oct 28, 2021",0.67,"1,326"
Terry Tillman,Suntrust_93,QTWO,Q4 2021,"Feb 16, 2022 AMC","Aug 5, 2021 124 days ago",,131.5
Terry Tillman,Suntrust_93,BL,Q4 2021,"Feb 17, 2022 AMC","Nov 4, 2021",0.1,113.6
Terry Tillman,Suntrust_93,FIVN,Q4 2021,"Feb 22, 2022 AMC","Nov 9, 2021",0.36,165
Terry Tillman,Suntrust_93,EVBG,Q4 2021,"Feb 22, 2022 AMC","Nov 9, 2021",-0.2,102
Terry Tillman,Suntrust_93,WK,Q4 2021,"Feb 24, 2022 AMC","Nov 3, 2021",-0.06,117
Terry Tillman,Suntrust_93,APPN,Q4 2021,"Feb 24, 2022 AMC","Nov 4, 2021",,95.3
Terry Tillman,Suntrust_93,CRM,Q4 2022,"Mar 1, 2022 AMC","Nov 30, 2021",,"7,229"
Terry Tillman,Suntrust_93,PLAN,Q4 2022,"Mar 2, 2022 AMC","Nov 23, 2021",-0.1,154
Terry Tillman,Suntrust_93,XM,Q4 2021,"Mar 8, 2022 AMC","Oct 20, 2021 48 days ago",,297
Terry Tillman,Suntrust_93,UPLD,Q4 2021,"Mar 10, 2022 AMC","Nov 3, 2021",,75.6
Terry Tillman,Suntrust_93,COUP,Q4 2022,"Mar 14, 2022 AMC","Dec 6, 2021",0.04,186
Terry Tillman,Suntrust_93,SMAR,Q4 2022,"Mar 22, 2022 AMC","Dec 2, 2021",-0.15,152
Terry Tillman,Suntrust_93,XM,Q1 2022,"Apr 20, 2022 AMC","Oct 20, 2021 48 days ago",,319
Terry Tillman,Suntrust_93,MANH,Q1 2022,"Apr 26, 2022 AMC","Oct 26, 2021",,167.95
Terry Tillman,Suntrust_93,SWI,Q1 2022,"Apr 28, 2022 BMO","Oct 29, 2021",,176.7
Terry Tillman,Suntrust_93,WK,Q1 2022,"May 4, 2022 AMC","Nov 3, 2021",-0.03,122
Terry Tillman,Suntrust_93,HUBS,Q1 2022,"May 4, 2022 AMC","Nov 3, 2021",0.59,377
Terry Tillman,Suntrust_93,FIVN,Q1 2022,"May 4, 2022 AMC","Nov 9, 2021",0.12,162.5
Terry Tillman,Suntrust_93,BL,Q1 2022,"May 5, 2022 AMC","Nov 4, 2021",0.13,121
Terry Tillman,Suntrust_93,PCTY,Q3 2022,"May 5, 2022 AMC","Nov 4, 2021",,239.6
Terry Tillman,Suntrust_93,APPN,Q1 2022,"May 5, 2022 AMC","Nov 4, 2021",,100
Terry Tillman,Suntrust_93,EVBG,Q1 2022,"May 9, 2022 AMC","Nov 9, 2021",-0.2,108
Terry Tillman,Suntrust_93,MODN,Q2 2022,"May 9, 2022 AMC","Aug 9, 2021 120 days ago",0.1,52.9
Terry Tillman,Suntrust_93,QTWO,Q1 2022,"May 10, 2022 AMC","Aug 5, 2021 124 days ago",,136.5
Terry Tillman,Suntrust_93,RNG,Q1 2022,"May 11, 2022 AMC","Nov 9, 2021",0.3,451
Terry Tillman,Suntrust_93,UPLD,Q1 2022,"May 12, 2022 AMC","Nov 3, 2021",,76.3
Terry Tillman,Suntrust_93,MIME,Q4 2022,"May 16, 2022 BMO","Aug 3, 2021 126 days ago",0.28,159
Terry Tillman,Suntrust_93,CRM,Q1 2023,"May 19, 2022 AMC","Nov 30, 2021",,"7,246"
Terry Tillman,Suntrust_93,PLAN,Q1 2023,"May 31, 2022 BMO","Nov 23, 2021",-0.12,165
Terry Tillman,Suntrust_93,COUP,Q1 2023,"Jun 6, 2022 AMC","Dec 6, 2021",-0.12,188
Terry Tillman,Suntrust_93,SMAR,Q1 2023,"Jun 8, 2022 AMC","Dec 2, 2021",-0.14,161
Terry Tillman,Suntrust_93,XM,Q2 2022,"Jul 19, 2022 AMC","Oct 20, 2021 48 days ago",,324
Terry Tillman,Suntrust_93,MANH,Q2 2022,"Jul 26, 2022 AMC","Oct 26, 2021",,176.9
Terry Tillman,Suntrust_93,SWI,Q2 2022,"Aug 3, 2022 BMO","Oct 29, 2021",,182.01
Terry Tillman,Suntrust_93,WK,Q2 2022,"Aug 3, 2022 AMC","Nov 3, 2021",-0.06,129
Terry Tillman,Suntrust_93,HUBS,Q2 2022,"Aug 3, 2022 AMC","Nov 3, 2021",0.46,393
Terry Tillman,Suntrust_93,RNG,Q2 2022,"Aug 3, 2022 AMC","Nov 9, 2021",0.31,474
Terry Tillman,Suntrust_93,FIVN,Q2 2022,"Aug 3, 2022 AMC","Nov 9, 2021",0.19,174
Terry Tillman,Suntrust_93,QTWO,Q2 2022,"Aug 3, 2022 AMC","Nov 4, 2021",,142
Terry Tillman,Suntrust_93,BL,Q2 2022,"Aug 4, 2022 AMC","Nov 4, 2021",0.16,127
Terry Tillman,Suntrust_93,APPN,Q2 2022,"Aug 4, 2022 AMC","Nov 4, 2021",,98.2
Terry Tillman,Suntrust_93,EVBG,Q2 2022,"Aug 8, 2022 AMC","Nov 9, 2021",-0.13,115
Abbas Mashaollah,Abbasmash,GME,Q3 2021,"Dec 8, 2021 AMC","Sep 11, 2021 87 days ago",-0.51,"1,169"
Abbas Mashaollah,Abbasmash,AVGO,Q4 2021,"Dec 9, 2021 AMC","Sep 12, 2021 87 days ago",7.86,"7,384"
Abbas Mashaollah,Abbasmash,LULU,Q3 2021,"Dec 9, 2021 AMC","Sep 11, 2021 87 days ago",1.39,"1,447"
Abbas Mashaollah,Abbasmash,GRUB,Q3 2021,"Dec 10, 2021 AMC","Nov 25, 2021",-0.17,572.67
Abbas Mashaollah,Abbasmash,TCOM,Q3 2021,"Dec 15, 2021 AMC","Nov 29, 2021",-0.01,813.02
Abbas Mashaollah,Abbasmash,NKE,Q2 2022,"Dec 20, 2021 AMC","Oct 14, 2021 54 days ago",0.68,"11,345"
Abbas Mashaollah,Abbasmash,MU,Q1 2022,"Dec 20, 2021 AMC","Oct 14, 2021 54 days ago",2.12,"7,635"
Abbas Mashaollah,Abbasmash,JPM,Q4 2021,"Jan 14, 2022 BMO","Oct 14, 2021 54 days ago",2.96,"29,872"
Abbas Mashaollah,Abbasmash,BAC,Q4 2021,"Jan 18, 2022 BMO","Oct 14, 2021 54 days ago",0.7,"21,628"
Abbas Mashaollah,Abbasmash,CCL,Q4 2021,"Jan 25, 2022 BMO","Oct 14, 2021 54 days ago",-1.55,"1,428"
Scott Berg,Needham_26,DOCS,Q3 2022,"Jan 28, 2022 AMC","Nov 10, 2021",0.14,86.3
Scott Berg,Needham_26,PCTY,Q2 2022,"Feb 3, 2022 AMC","Nov 5, 2021 32 days ago",0.46,183.36
Scott Berg,Needham_26,PRO,Q4 2021,"Feb 8, 2022 AMC","Nov 3, 2021",-0.23,63.51
Scott Berg,Needham_26,SPSC,Q4 2021,"Feb 8, 2022 AMC","Nov 4, 2021",0.42,100.56
Scott Berg,Needham_26,CDAY,Q4 2021,"Feb 9, 2022 AMC","Nov 4, 2021",0.01,274.96
Scott Berg,Needham_26,BILL,Q2 2022,"Feb 10, 2022 AMC","Nov 5, 2021",-0.17,130.62
Scott Berg,Needham_26,TYL,Q4 2021,"Feb 16, 2022 AMC","Oct 28, 2021",1.7,430.15
Scott Berg,Needham_26,AVLR,Q4 2021,"Feb 16, 2022 AMC","Nov 5, 2021",-0.07,184.09
Scott Berg,Needham_26,FIVN,Q4 2021,"Feb 22, 2022 AMC","Nov 9, 2021",0.36,165.12
Scott Berg,Needham_26,EVBG,Q4 2021,"Feb 22, 2022 AMC","Nov 10, 2021",-0.19,102.11
Scott Berg,Needham_26,WDAY,Q4 2022,"Feb 28, 2022 AMC","Nov 19, 2021",0.67,"1,362"
Scott Berg,Needham_26,CRM,Q4 2022,"Mar 1, 2022 AMC","Dec 1, 2021",0.72,"7,229"
Scott Berg,Needham_26,AXON,Q4 2021,"Mar 1, 2022 AMC","Nov 16, 2021",0.17,203.2
Scott Berg,Needham_26,VEEV,Q4 2022,"Mar 1, 2022 AMC","Aug 28, 2020 466 days ago",0.72,431.83
Scott Berg,Needham_26,PLAN,Q4 2022,"Mar 2, 2022 AMC","Nov 24, 2021",-0.09,154.62
Scott Berg,Needham_26,SPT,Q4 2021,"Mar 2, 2022 AMC","Nov 3, 2021",-0.07,51.26
Scott Berg,Needham_26,GLBE,Q4 2021,"Mar 3, 2022 BMO","Nov 11, 2021",0.03,77.58
Scott Berg,Needham_26,UPLD,Q4 2021,"Mar 10, 2022 AMC","Aug 5, 2021 125 days ago",0.47,80.16
Scott Berg,Needham_26,ONTF,Q4 2021,"Mar 16, 2022 AMC","Nov 10, 2021",-0.1,51.48
Scott Berg,Needham_26,DOCU,Q4 2022,"Mar 17, 2022 AMC","Dec 3, 2021",0.48,561.08
Scott Berg,Needham_26,SMAR,Q4 2022,"Mar 22, 2022 AMC","Dec 3, 2021 4 days ago",-0.15,151.5
Scott Berg,Needham_26,ZUO,Q4 2022,"Mar 24, 2022 AMC","Aug 26, 2021 104 days ago",-0.02,87.81
Scott Berg,Needham_26,TYL,Q1 2022,"Apr 27, 2022 AMC","Jul 30, 2021 130 days ago",1.75,416.77
Scott Berg,Needham_26,SPSC,Q1 2022,"Apr 28, 2022 AMC","Nov 4, 2021",0.49,104.43
Scott Berg,Needham_26,PRO,Q1 2022,"May 3, 2022 AMC","Nov 18, 2021",-0.24,65.76
Scott Berg,Needham_26,FIVN,Q1 2022,"May 4, 2022 AMC","Nov 9, 2021",0.21,173.4
Scott Berg,Needham_26,CDAY,Q1 2022,"May 4, 2022 AMC","Nov 4, 2021",0.02,283.44
Scott Berg,Needham_26,PCTY,Q3 2022,"May 5, 2022 AMC","Nov 5, 2021",0.97,237.95
Scott Berg,Needham_26,EVBG,Q1 2022,"May 9, 2022 AMC","Nov 10, 2021",-0.12,105.97
Scott Berg,Needham_26,AXON,Q1 2022,"May 10, 2022 AMC","Nov 16, 2021",0.31,231.75
Scott Berg,Needham_26,AVLR,Q1 2022,"May 11, 2022 AMC","Nov 5, 2021",-0.12,189.93
Scott Berg,Needham_26,ONTF,Q1 2022,"May 11, 2022 AMC","Nov 10, 2021",-0.08,52
Scott Berg,Needham_26,SPT,Q1 2022,"May 11, 2022 AMC","Nov 3, 2021",-0.07,53.06
Scott Berg,Needham_26,UPLD,Q1 2022,"May 12, 2022 AMC","Aug 5, 2021 125 days ago",0.47,81.36
Scott Berg,Needham_26,BILL,Q3 2022,"May 12, 2022 AMC","Nov 5, 2021",-0.22,140.84
Scott Berg,Needham_26,DOCS,Q4 2022,"May 17, 2022 AMC","Nov 10, 2021",0.13,89.03
Scott Berg,Needham_26,CRM,Q1 2023,"May 19, 2022 AMC","Dec 1, 2021",0.96,"7,412"
Scott Berg,Needham_26,PLAN,Q1 2023,"May 31, 2022 BMO","May 27, 2021 194 days ago",-0.11,162.32
Scott Berg,Needham_26,WDAY,Q1 2023,"May 31, 2022 AMC","Nov 19, 2021",0.87,"1,403"
Scott Berg,Needham_26,GLBE,Q1 2022,"Jun 2, 2022 BMO","Oct 22, 2021 46 days ago",0.01,61.09
Scott Berg,Needham_26,SMAR,Q1 2023,"Jun 8, 2022 AMC","Dec 3, 2021",-0.16,159.59
Scott Berg,Needham_26,DOCU,Q1 2023,"Jun 9, 2022 AMC","Dec 3, 2021",0.46,597.33
Scott Berg,Needham_26,TYL,Q2 2022,"Jul 27, 2022 AMC","Jul 30, 2021 130 days ago",1.82,466.33
Scott Berg,Needham_26,SPSC,Q2 2022,"Jul 28, 2022 AMC","Nov 4, 2021",0.5,109.21
Scott Berg,Needham_26,PRO,Q2 2022,"Aug 2, 2022 AMC","Nov 18, 2021 19 days ago",-0.23,67.84
Scott Berg,Needham_26,FIVN,Q2 2022,"Aug 3, 2022 AMC","Nov 9, 2021",0.22,179.5
Scott Berg,Needham_26,EVBG,Q2 2022,"Aug 8, 2022 AMC","Nov 10, 2021",-0.05,108.75
Scott Berg,Needham_26,AXON,Q2 2022,"Aug 9, 2022 AMC","Nov 16, 2021",0.45,258.18
Scott Berg,Needham_26,ONTF,Q2 2022,"Aug 9, 2022 AMC","Nov 10, 2021",-0.07,54.16
Scott Berg,Needham_26,DOCS,Q1 2023,"Aug 9, 2022 AMC","Nov 10, 2021",0.14,94.47
Hikerd,Hikerd,HIMX,Q4 2021,"Feb 17, 2022 BMO","Nov 10, 2021",0.78,412.7
Analyst_5883186,Analyst_5883186,RH,Q3 2021,"Dec 8, 2021 AMC","Dec 6, 2021",7.05,992
Analyst_5883186,Analyst_5883186,PATH,Q3 2021,"Dec 8, 2021 AMC","Dec 3, 2021",-0.02,209
Analyst_5883186,Analyst_5883186,AVGO,Q4 2021,"Dec 9, 2021 AMC","Nov 29, 2021",7.82,"7,365"
Analyst_5883186,Analyst_5883186,COST,Q1 2022,"Dec 9, 2021 AMC","Dec 6, 2021",2.75,"55,100"
Analyst_5883186,Analyst_5883186,ORCL,Q2 2022,"Dec 9, 2021 AMC","Nov 29, 2021",1.15,"10,212"
Analyst_5883186,Analyst_5883186,LULU,Q3 2021,"Dec 9, 2021 AMC","Dec 6, 2021",1.62,"1,472"
Analyst_5883186,Analyst_5883186,GRUB,Q3 2021,"Dec 10, 2021 AMC","Nov 25, 2021",-0.2,577
Analyst_5883186,Analyst_5883186,ADBE,Q4 2021,"Dec 16, 2021 AMC","Nov 6, 2021",3.23,"4,120"
Analyst_5883186,Analyst_5883186,BB,Q3 2022,"Dec 16, 2021 AMC","Nov 29, 2021",-0.06,182
Analyst_5883186,Analyst_5883186,NFLX,Q4 2021,"Jan 18, 2022 AMC","Nov 25, 2021",0.92,"7,780"
Analyst_5883186,Analyst_5883186,LVS,Q4 2021,"Jan 26, 2022 AMC","Oct 15, 2021 53 days ago",0.42,"2,600"
Analyst_5883186,Analyst_5883186,MSFT,Q2 2022,"Jan 27, 2022 AMC","Oct 17, 2021 51 days ago",2.22,"48,200"
Analyst_5883186,Analyst_5883186,PHM,Q4 2021,"Feb 1, 2022 BMO","Oct 21, 2021 47 days ago",2.52,"4,630"
Analyst_5883186,Analyst_5883186,EA,Q3 2022,"Feb 1, 2022 AMC","Oct 29, 2021",3.42,"2,850"
Analyst_5883186,Analyst_5883186,PYPL,Q4 2021,"Feb 2, 2022 AMC","Nov 8, 2021",1.3,"7,262"
Analyst_5883186,Analyst_5883186,DIS,Q1 2022,"Feb 8, 2022 AMC","Nov 6, 2021",1.3,"20,900"
Analyst_5883186,Analyst_5883186,PLTR,Q4 2021,"Feb 15, 2022 BMO","Oct 22, 2021 46 days ago",0.06,404.56
Analyst_5883186,Analyst_5883186,GPN,Q4 2021,"Feb 16, 2022 BMO","Nov 2, 2021",2.19,"1,998"
Analyst_5883186,Analyst_5883186,NVDA,Q4 2022,"Feb 17, 2022 AMC","Oct 17, 2021 51 days ago",0.91,"6,733"
Analyst_5883186,Analyst_5883186,MDT,Q3 2022,"Feb 22, 2022 BMO","Nov 25, 2021",1.37,"7,920"
Analyst_5883186,Analyst_5883186,ABNB,Q4 2021,"Feb 24, 2022 AMC","Oct 20, 2021 48 days ago",0.1,"1,633"
Analyst_5883186,Analyst_5883186,DKNG,Q4 2021,"Feb 25, 2022 BMO","Oct 29, 2021",-0.2,367.1
Analyst_5883186,Analyst_5883186,VEEV,Q4 2022,"Mar 1, 2022 AMC","Dec 5, 2021",0.95,482
Analyst_5883186,Analyst_5883186,ULTA,Q4 2021,"Mar 10, 2022 AMC","Nov 25, 2021",3.82,"2,606"
Analyst_5883186,Analyst_5883186,LVS,Q1 2022,"Apr 20, 2022 AMC","Oct 15, 2021 53 days ago",0.62,"2,900"
Analyst_5883186,Analyst_5883186,PHM,Q1 2022,"Apr 26, 2022 BMO","Oct 21, 2021 47 days ago",1.98,"3,125"
omni,omni,GNRC,Q4 2021,"Feb 15, 2022 BMO","Nov 22, 2021",2.5,"1,034"
Analyst_5490314,Analyst_5490314,GPK,Q4 2021,"Feb 17, 2022 BMO","Oct 30, 2021",0.32,"1,886"
Analyst_4925856,Analyst_4925856,CF,Q4 2021,"Feb 16, 2022 AMC","Nov 2, 2021",1.69,"1,769"
Madmoni,Madmoni,KFY,Q2 2022,"Dec 8, 2021 BMO","Dec 7, 2021",1.38,605.67
Madmoni,Madmoni,VRA,Q3 2022,"Dec 8, 2021 BMO","Dec 7, 2021",0.27,138.11
Madmoni,Madmoni,THO,Q1 2022,"Dec 8, 2021 BMO","Dec 7, 2021",3.25,"3,460"
Madmoni,Madmoni,RH,Q3 2021,"Dec 8, 2021 AMC","Dec 7, 2021",6.62,982.95
Madmoni,Madmoni,PATH,Q3 2021,"Dec 8, 2021 AMC","Dec 7, 2021",-0.03,208.44
Madmoni,Madmoni,CIEN,Q4 2021,"Dec 9, 2021 BMO","Dec 7, 2021",0.87,"1,026"
Madmoni,Madmoni,COST,Q1 2022,"Dec 9, 2021 AMC","Dec 7, 2021",2.63,"54,200"
Madmoni,Madmoni,ORCL,Q2 2022,"Dec 9, 2021 AMC","Dec 7, 2021",1.12,"10,214"
Madmoni,Madmoni,LULU,Q3 2021,"Dec 9, 2021 AMC","Dec 7, 2021",1.41,"1,430"
Madmoni,Madmoni,GRUB,Q3 2021,"Dec 10, 2021 AMC","Dec 7, 2021",-0.05,577.67
Jagator904,Jagator904,GME,Q3 2021,"Dec 8, 2021 AMC","Nov 21, 2021",-0.13,"1,221"
Jagator904,Jagator904,LULU,Q3 2021,"Dec 9, 2021 AMC","Nov 28, 2021",1.65,"1,531"
Jagator904,Jagator904,EDU,Q4 2021,"Dec 13, 2021 BMO","Dec 5, 2021",0.01,"1,138"
Jagator904,Jagator904,TCOM,Q3 2021,"Dec 15, 2021 AMC","Nov 22, 2021",0.18,996
Jagator904,Jagator904,ADBE,Q4 2021,"Dec 16, 2021 AMC","Nov 28, 2021",3.33,"4,132"
Jagator904,Jagator904,WGO,Q1 2022,"Dec 17, 2021 BMO","Nov 21, 2021",2.6,"1,085"
Jagator904,Jagator904,MCD,Q4 2021,"Jan 24, 2022 BMO","Nov 21, 2021",2.5,"6,154"
Jagator904,Jagator904,HD,Q4 2021,"Feb 22, 2022 BMO","Nov 16, 2021",3.41,"34,500"
Jagator904,Jagator904,DKNG,Q4 2021,"Feb 25, 2022 BMO","Nov 5, 2021",-0.63,425.9
Jagator904,Jagator904,HIBB,Q4 2022,"Mar 11, 2022 BMO","Aug 27, 2021 102 days ago",1.44,378.49
Joseph Feldman,Tag_3,RH,Q3 2021,"Dec 8, 2021 AMC","Dec 10, 2020 363 days ago",6.22,854.51
Joseph Feldman,Tag_3,GME,Q3 2021,"Dec 8, 2021 AMC","Apr 27, 2021 225 days ago",-0.29,
Joseph Feldman,Tag_3,COST,Q1 2022,"Dec 9, 2021 AMC","Nov 4, 2021",2.6,
Joseph Feldman,Tag_3,NKE,Q2 2022,"Dec 20, 2021 AMC","Dec 21, 2020 352 days ago",1.06,"12,463"
Joseph Feldman,Tag_3,BBBY,Q3 2021,"Jan 6, 2022 BMO","Jan 28, 2021 314 days ago",0.2,
Joseph Feldman,Tag_3,ACI,Q3 2021,"Jan 18, 2022 BMO","Oct 18, 2021 50 days ago",0.52,
Joseph Feldman,Tag_3,ETH,Q2 2022,"Jan 26, 2022 AMC","Jan 14, 2021 328 days ago",0.71,
Joseph Feldman,Tag_3,TSCO,Q4 2021,"Feb 2, 2022 BMO","Oct 22, 2021 47 days ago",1.83,
Joseph Feldman,Tag_3,AMZN,Q4 2021,"Feb 3, 2022 AMC","Oct 29, 2021",4.47,
Joseph Feldman,Tag_3,UAA,Q4 2021,"Feb 15, 2022 BMO","Feb 10, 2021 300 days ago",0.06,"1,377"
Joseph Feldman,Tag_3,WMT,Q4 2022,"Feb 17, 2022 BMO","Nov 16, 2021",1.63,
Joseph Feldman,Tag_3,HD,Q4 2021,"Feb 22, 2022 BMO","Nov 17, 2021",3,
Joseph Feldman,Tag_3,LOW,Q4 2021,"Feb 23, 2022 BMO","Nov 18, 2021",1.68,
Joseph Feldman,Tag_3,FND,Q4 2021,"Feb 24, 2022 AMC","Nov 5, 2021",0.45,
Joseph Feldman,Tag_3,FL,Q4 2021,"Feb 25, 2022 BMO","Feb 26, 2021 284 days ago",1.67,"2,336"
Joseph Feldman,Tag_3,BBY,Q4 2022,"Mar 2, 2022 BMO","Nov 23, 2021",3.5,
Joseph Feldman,Tag_3,DLTR,Q4 2021,"Mar 2, 2022 BMO","Nov 24, 2021",1.79,
Joseph Feldman,Tag_3,KR,Q4 2021,"Mar 3, 2022 BMO","Sep 10, 2021 88 days ago",0.71,
Joseph Feldman,Tag_3,COST,Q2 2022,"Mar 3, 2022 AMC","Nov 4, 2021",2.58,
Joseph Feldman,Tag_3,BIG,Q4 2021,"Mar 4, 2022 BMO","Dec 3, 2021",2.2,
Joseph Feldman,Tag_3,TGT,Q4 2021,"Mar 8, 2022 BMO","Nov 18, 2021",2.9,
Joseph Feldman,Tag_3,DKS,Q4 2021,"Mar 8, 2022 BMO","Nov 23, 2021",3.05,
Joseph Feldman,Tag_3,PRTY,Q4 2021,"Mar 10, 2022 BMO","Aug 5, 2021 124 days ago",0.42,
Joseph Feldman,Tag_3,WSM,Q4 2021,"Mar 16, 2022 AMC","Nov 20, 2020 383 days ago",2.74,
Joseph Feldman,Tag_3,DG,Q4 2021,"Mar 17, 2022 BMO","Dec 2, 2021",2.59,
Joseph Feldman,Tag_3,NKE,Q3 2022,"Mar 22, 2022 AMC","Dec 21, 2020 352 days ago",1.03,"12,274"
Joseph Feldman,Tag_3,FIVE,Q4 2021,"Mar 23, 2022 AMC","Dec 2, 2021",2.48,
Joseph Feldman,Tag_3,GME,Q4 2021,"Mar 24, 2022 AMC","Apr 27, 2021 225 days ago",1.58,
Joseph Feldman,Tag_3,GO,Q4 2021,"Mar 29, 2022 AMC","Nov 10, 2021",0.2,
Joseph Feldman,Tag_3,RH,Q4 2021,"Mar 29, 2022 AMC","Dec 10, 2020 363 days ago",5.59,850.63
Joseph Feldman,Tag_3,BBBY,Q4 2021,"Apr 13, 2022 BMO","Jan 28, 2021 314 days ago",0.52,
Joseph Feldman,Tag_3,ACI,Q4 2021,"Apr 26, 2022 BMO","Oct 18, 2021 50 days ago",0.57,
Joseph Feldman,Tag_3,TSCO,Q1 2022,"Apr 28, 2022 BMO","Oct 22, 2021 47 days ago",1.2,
Joseph Feldman,Tag_3,AMZN,Q1 2022,"Apr 28, 2022 AMC","Oct 29, 2021",13.45,
Joseph Feldman,Tag_3,ETH,Q3 2022,"Apr 28, 2022 AMC","Jan 29, 2021 313 days ago",0.4,
Joseph Feldman,Tag_3,UAA,Q1 2022,"May 3, 2022 BMO","Feb 10, 2021 300 days ago",0.05,"1,165"
Joseph Feldman,Tag_3,FND,Q1 2022,"May 5, 2022 AMC","Aug 6, 2021 124 days ago",0.78,
Joseph Feldman,Tag_3,PRTY,Q1 2022,"May 12, 2022 BMO","Nov 10, 2021",0,
Joseph Feldman,Tag_3,GO,Q1 2022,"May 16, 2022 AMC","Nov 10, 2021",0.29,
Joseph Feldman,Tag_3,HD,Q1 2022,"May 17, 2022 BMO","Nov 17, 2021",3.55,
Joseph Feldman,Tag_3,TGT,Q1 2022,"May 18, 2022 BMO","Nov 18, 2021",2.78,
Joseph Feldman,Tag_3,DKS,Q1 2022,"May 18, 2022 BMO","Nov 23, 2021",1.96,
Joseph Feldman,Tag_3,FL,Q1 2022,"May 20, 2022 BMO","Feb 26, 2021 284 days ago",1.03,"1,621"
Joseph Feldman,Tag_3,LOW,Q1 2022,"May 25, 2022 BMO","Nov 18, 2021",3.08,
Joseph Feldman,Tag_3,DLTR,Q1 2022,"May 26, 2022 BMO","Nov 24, 2021",1.52,
Joseph Feldman,Tag_3,COST,Q3 2022,"May 26, 2022 AMC","Nov 4, 2021",2.86,
Joseph Feldman,Tag_3,GME,Q1 2022,"May 26, 2022 AMC","Apr 27, 2021 225 days ago",0.02,
Joseph Feldman,Tag_3,BIG,Q1 2022,"May 27, 2022 BMO","Dec 3, 2021",1.95,
Joseph Feldman,Tag_3,DG,Q1 2022,"Jun 2, 2022 BMO","Dec 2, 2021",2.84,
Joseph Feldman,Tag_3,FIVE,Q1 2022,"Jun 2, 2022 AMC","Sep 2, 2021 97 days ago",0.93,
"Cristina Fernández, CPA",Tag_5,RH,Q3 2021,"Dec 8, 2021 AMC","Sep 9, 2021 90 days ago",6.7,901
"Cristina Fernández, CPA",Tag_5,NKE,Q2 2022,"Dec 20, 2021 AMC","Sep 24, 2021 75 days ago",0.67,"12,473"
"Cristina Fernández, CPA",Tag_5,BBBY,Q3 2021,"Jan 6, 2022 BMO","Nov 3, 2021",0.04,
"Cristina Fernández, CPA",Tag_5,ETH,Q2 2022,"Jan 26, 2022 AMC","Aug 10, 2021 120 days ago",0.69,
"Cristina Fernández, CPA",Tag_5,UAA,Q4 2021,"Feb 15, 2022 BMO","Nov 3, 2021",0.04,"1,439"
"Cristina Fernández, CPA",Tag_5,FL,Q4 2021,"Feb 25, 2022 BMO","Nov 19, 2021",1.45,"2,310"
"Cristina Fernández, CPA",Tag_5,HIBB,Q4 2022,"Mar 11, 2022 BMO","Dec 3, 2021",1.78,
"Cristina Fernández, CPA",Tag_5,WSM,Q4 2021,"Mar 16, 2022 AMC","Nov 19, 2021",4.87,
"Cristina Fernández, CPA",Tag_5,NKE,Q3 2022,"Mar 22, 2022 AMC","Sep 24, 2021 75 days ago",0.63,"11,315"
"Cristina Fernández, CPA",Tag_5,RH,Q4 2021,"Mar 29, 2022 AMC","Dec 7, 2021 1 days ago",5.88,874
"Cristina Fernández, CPA",Tag_5,BBBY,Q4 2021,"Apr 13, 2022 BMO","Nov 3, 2021",0.95,
"Cristina Fernández, CPA",Tag_5,ETH,Q3 2022,"Apr 28, 2022 AMC","Aug 10, 2021 120 days ago",0.63,
"Cristina Fernández, CPA",Tag_5,UAA,Q1 2022,"May 3, 2022 BMO","Nov 3, 2021",0.16,"1,365"
"Cristina Fernández, CPA",Tag_5,FL,Q1 2022,"May 20, 2022 BMO","Nov 19, 2021",1.77,"2,205"
"Cristina Fernández, CPA",Tag_5,WSM,Q1 2022,"May 25, 2022 AMC","Nov 19, 2021",2.8,
"Cristina Fernández, CPA",Tag_5,HIBB,Q1 2023,"May 27, 2022 BMO","Dec 3, 2021",4.7,
"Cristina Fernández, CPA",Tag_5,RH,Q1 2022,"Jun 8, 2022 AMC","Dec 7, 2021 1 days ago",4.87,821
"Cristina Fernández, CPA",Tag_5,BBBY,Q1 2022,"Jun 23, 2022 BMO","Nov 3, 2021",0.13,
"Cristina Fernández, CPA",Tag_5,NKE,Q4 2022,"Jun 30, 2022 AMC","Sep 24, 2021 75 days ago",1.14,"12,125"
"Cristina Fernández, CPA",Tag_5,ETH,Q4 2022,"Jul 27, 2022 AMC","Aug 10, 2021 120 days ago",0.72,
"Cristina Fernández, CPA",Tag_5,UAA,Q2 2022,"Aug 2, 2022 BMO","Nov 3, 2021",0.33,"1,631"
"Cristina Fernández, CPA",Tag_5,FL,Q2 2022,"Aug 19, 2022 BMO","Nov 19, 2021",1.98,"2,371"
"Cristina Fernández, CPA",Tag_5,WSM,Q2 2022,"Aug 24, 2022 AMC","Nov 19, 2021",3.35,
"Cristina Fernández, CPA",Tag_5,HIBB,Q2 2023,"Aug 26, 2022 BMO","Dec 3, 2021",3.25,
"Cristina Fernández, CPA",Tag_5,RH,Q2 2022,"Sep 7, 2022 AMC","Dec 7, 2021 1 days ago",6.78,966
"Cristina Fernández, CPA",Tag_5,BBBY,Q2 2022,"Sep 21, 2022 BMO","Nov 3, 2021",0.41,
"Cristina Fernández, CPA",Tag_5,NKE,Q1 2023,"Sep 27, 2022 AMC","Sep 24, 2021 75 days ago",1.33,
"Cristina Fernández, CPA",Tag_5,UAA,Q3 2022,"Nov 1, 2022 BMO","Nov 3, 2021",0.15,"1,570"
"Cristina Fernández, CPA",Tag_5,WSM,Q3 2022,"Nov 17, 2022 AMC","Nov 19, 2021",3.56,
"Cristina Fernández, CPA",Tag_5,HIBB,Q3 2023,"Nov 18, 2022 BMO","Dec 3, 2021",1.7,
"Cristina Fernández, CPA",Tag_5,FL,Q3 2022,"Nov 18, 2022 BMO","Nov 19, 2021",1.62,"2,376"
"Cristina Fernández, CPA",Tag_5,RH,Q3 2022,"Dec 7, 2022 AMC","Dec 7, 2021 1 days ago",7.13,982
"Cristina Fernández, CPA",Tag_5,NKE,Q2 2023,"Dec 22, 2022 AMC","Sep 24, 2021 75 days ago",0.93,
"Cristina Fernández, CPA",Tag_5,BBBY,Q3 2022,"Jan 5, 2023 BMO","Nov 3, 2021",0.31,
"Cristina Fernández, CPA",Tag_5,UAA,Q4 2022,"Feb 14, 2023 BMO","Nov 3, 2021",0.17,"1,364"
"Cristina Fernández, CPA",Tag_5,FL,Q4 2022,"Feb 24, 2023 BMO","Nov 19, 2021",1.36,"2,436"
"Cristina Fernández, CPA",Tag_5,HIBB,Q4 2023,"Mar 10, 2023 BMO","Dec 3, 2021",1.99,
"Cristina Fernández, CPA",Tag_5,WSM,Q4 2022,"Mar 15, 2023 AMC","Nov 19, 2021",5.2,
"Cristina Fernández, CPA",Tag_5,NKE,Q3 2023,"Mar 21, 2023 AMC","Sep 24, 2021 75 days ago",1.04,
"Cristina Fernández, CPA",Tag_5,RH,Q4 2022,"Mar 28, 2023 AMC","Dec 7, 2021 1 days ago",6.84,958
"Cristina Fernández, CPA",Tag_5,BBBY,Q4 2022,"Apr 12, 2023 BMO","Nov 3, 2021",1.29,
"Cristina Fernández, CPA",Tag_5,UAA,Q1 2023,"May 2, 2023 BMO","Nov 3, 2021",0.2,"1,467"
"Cristina Fernández, CPA",Tag_5,FL,Q1 2023,"May 19, 2023 BMO","Nov 19, 2021",2.04,"2,427"
"Cristina Fernández, CPA",Tag_5,NKE,Q4 2023,"Jun 29, 2023 AMC","Sep 24, 2021 75 days ago",1.45,
"Cristina Fernández, CPA",Tag_5,UAA,Q2 2023,"Aug 1, 2023 BMO","Nov 3, 2021",0.36,"1,729"
"Cristina Fernández, CPA",Tag_5,FL,Q2 2023,"Aug 18, 2023 BMO","Nov 19, 2021",2.14,"2,452"
Cyflops,Cyflops,GME,Q3 2021,"Dec 8, 2021 AMC","Nov 20, 2021",-0.82,"1,185"
Cyflops,Cyflops,LULU,Q3 2021,"Dec 9, 2021 AMC","Nov 20, 2021",1.51,"1,440"
Cyflops,Cyflops,PFSW,Q2 2021,"Dec 10, 2021 BMO","Nov 24, 2021",0.04,84.3
Cyflops,Cyflops,DXPE,Q3 2021,"Dec 10, 2021 BMO","Nov 24, 2021",0.52,302
Cyflops,Cyflops,GRUB,Q3 2021,"Dec 10, 2021 AMC","Nov 24, 2021",-0.45,576.1
Cyflops,Cyflops,TSLA,Q4 2021,"Feb 2, 2022 AMC","Nov 6, 2021",2.29,"15,758"
Cyflops,Cyflops,CLX,Q2 2022,"Feb 3, 2022 AMC","Nov 1, 2021",1.19,"1,750"
Cyflops,Cyflops,TSN,Q1 2022,"Feb 10, 2022 BMO","Nov 20, 2021",1.95,"12,700"
Cyflops,Cyflops,BLMN,Q4 2021,"Feb 17, 2022 BMO","Nov 6, 2021",0.49,"1,010"
Cyflops,Cyflops,AAP,Q4 2021,"Feb 22, 2022 AMC","Nov 20, 2021",2.3,"2,450"
Pearl_1,Pearl_1,ENB,Q4 2021,"Feb 18, 2022 BMO","Nov 5, 2021",0.63,"8,805"
Mike Matson,Needham_34,RMD,Q2 2022,"Jan 24, 2022 AMC","Oct 29, 2021",1.59,957.16
Mike Matson,Needham_34,SYK,Q4 2021,"Jan 25, 2022 AMC","Oct 29, 2021",2.75,"4,607"
Mike Matson,Needham_34,CNMD,Q4 2021,"Jan 26, 2022 AMC","Oct 28, 2021",1.07,278.51
Mike Matson,Needham_34,HRC,Q1 2022,"Jan 28, 2022 BMO","Nov 5, 2021 32 days ago",1.45,743.25
Mike Matson,Needham_34,ZBH,Q4 2021,"Feb 1, 2022 BMO","Nov 4, 2021",2,"2,086"
Mike Matson,Needham_34,HOLX,Q1 2022,"Feb 2, 2022 AMC","Nov 2, 2021",1.2,"1,134"
Mike Matson,Needham_34,BSX,Q4 2021,"Feb 3, 2022 BMO","Oct 27, 2021",0.43,"3,126"
Mike Matson,Needham_34,HAE,Q3 2022,"Feb 8, 2022 BMO","Nov 9, 2021",0.69,266.05
Mike Matson,Needham_34,SRDX,Q1 2022,"Feb 9, 2022 BMO","Nov 10, 2021",-0.27,23.96
Mike Matson,Needham_34,CSII,Q2 2022,"Feb 9, 2022 BMO","Nov 9, 2021",-0.16,62.36
Mike Matson,Needham_34,IVC,Q4 2021,"Feb 10, 2022 AMC","Oct 28, 2021",0.06,226.56
Mike Matson,Needham_34,STE,Q3 2022,"Feb 14, 2022 AMC","Nov 3, 2021",1.95,"1,186"
Mike Matson,Needham_34,CRY,Q4 2021,"Feb 16, 2022 AMC","Jul 30, 2021 131 days ago",0.01,77.73
Mike Matson,Needham_34,MDT,Q3 2022,"Feb 22, 2022 BMO","Nov 23, 2021",1.38,"7,965"
Mike Matson,Needham_34,INMD,Q4 2021,"Feb 22, 2022 BMO","Oct 26, 2021",0.52,97.1
Mike Matson,Needham_34,ATRC,Q4 2021,"Feb 22, 2022 AMC","Nov 4, 2021",-0.34,71.36
Mike Matson,Needham_34,MASI,Q4 2021,"Feb 22, 2022 AMC","Oct 27, 2021",1.11,320.8
Mike Matson,Needham_34,MMSI,Q4 2021,"Feb 22, 2022 AMC","Oct 29, 2021",0.5,270.43
Mike Matson,Needham_34,NEO,Q4 2021,"Feb 23, 2022 BMO","Dec 7, 2021",-0.13,126.77
Mike Matson,Needham_34,GMED,Q4 2021,"Feb 23, 2022 AMC","Oct 29, 2020 405 days ago",0.56,242.39
Mike Matson,Needham_34,TFX,Q4 2021,"Feb 24, 2022 BMO","Oct 28, 2021",3.53,742.45
Mike Matson,Needham_34,NUVA,Q4 2021,"Feb 24, 2022 AMC","Jan 6, 2021 336 days ago",0.77,332.02
Mike Matson,Needham_34,INGN,Q4 2021,"Mar 1, 2022 AMC","Nov 5, 2021",-0.72,74.08
Mike Matson,Needham_34,VCYT,Q4 2021,"Mar 1, 2022 AMC","Nov 10, 2021",-0.21,61.75
Mike Matson,Needham_34,LIVN,Q4 2021,"Mar 2, 2022 BMO","Nov 3, 2021",0.53,267.88
Mike Matson,Needham_34,SYK,Q1 2022,"Apr 26, 2022 AMC","Oct 29, 2021 40 days ago",2.17,"4,227"
Mike Matson,Needham_34,BSX,Q1 2022,"Apr 27, 2022 BMO","Oct 27, 2021 41 days ago",0.4,"2,998"
Mike Matson,Needham_34,CRY,Q1 2022,"Apr 27, 2022 AMC","Jul 30, 2021 131 days ago",0.05,79.08
Mike Matson,Needham_34,CNMD,Q1 2022,"Apr 27, 2022 AMC","Oct 28, 2021 41 days ago",0.67,246.28
Mike Matson,Needham_34,ZBH,Q1 2022,"Apr 28, 2022 BMO","Nov 4, 2021",1.81,"1,867"
Mike Matson,Needham_34,MMSI,Q1 2022,"Apr 28, 2022 AMC","Oct 29, 2021 40 days ago",0.54,276.28
Mike Matson,Needham_34,RMD,Q3 2022,"Apr 28, 2022 AMC","Oct 29, 2021",1.61,954.56
Mike Matson,Needham_34,ATRC,Q1 2022,"Apr 28, 2022 AMC","Nov 4, 2021",-0.27,69.26
Mike Matson,Needham_34,HRC,Q2 2022,"Apr 29, 2022 BMO","Nov 5, 2021 32 days ago",1.65,763.47
Mike Matson,Needham_34,NEO,Q1 2022,"May 3, 2022 BMO","Dec 7, 2021",-0.11,126.96
Mike Matson,Needham_34,GMED,Q1 2022,"May 3, 2022 AMC","Oct 29, 2020 405 days ago",0.49,
Mike Matson,Needham_34,VCYT,Q1 2022,"May 3, 2022 AMC","Nov 10, 2021 28 days ago",-0.22,59.34
Mike Matson,Needham_34,SRDX,Q2 2022,"May 4, 2022 BMO","Nov 10, 2021",-0.34,24.67
Mike Matson,Needham_34,CSII,Q3 2022,"May 4, 2022 BMO","Nov 9, 2021",-0.07,67.68
Mike Matson,Needham_34,LIVN,Q1 2022,"May 4, 2022 BMO","Nov 3, 2021 34 days ago",0.53,237.05
Mike Matson,Needham_34,MASI,Q1 2022,"May 4, 2022 AMC","Oct 27, 2021 42 days ago",1.05,328.67
Mike Matson,Needham_34,HOLX,Q2 2022,"May 4, 2022 AMC","Nov 2, 2021",1,"1,042"
Mike Matson,Needham_34,NUVA,Q1 2022,"May 4, 2022 AMC","Jan 6, 2021 336 days ago",0.63,
Mike Matson,Needham_34,TFX,Q1 2022,"May 5, 2022 BMO","Oct 28, 2021",2.99,653.18
Mike Matson,Needham_34,IVC,Q1 2022,"May 9, 2022 AMC","Sep 10, 2021 89 days ago",-0.23,200.68
Mike Matson,Needham_34,HAE,Q4 2022,"May 10, 2022 BMO","Nov 9, 2021",0.61,248.67
Mike Matson,Needham_34,INGN,Q1 2022,"May 10, 2022 AMC","Nov 5, 2021",-0.39,88.25
Mike Matson,Needham_34,INMD,Q1 2022,"May 11, 2022 BMO","Oct 26, 2021",0.38,82.32
Mike Matson,Needham_34,STE,Q4 2022,"May 17, 2022 AMC","Nov 3, 2021",2.06,"1,214"
Mike Matson,Needham_34,MDT,Q4 2022,"May 26, 2022 BMO","Nov 23, 2021",1.6,"8,648"
Stephen Unger,Needham_38,WAT,Q4 2021,"Jan 25, 2022 BMO","Nov 2, 2020 400 days ago",3.38,745
Stephen Unger,Needham_38,DHR,Q4 2021,"Feb 1, 2022 BMO","Oct 27, 2020 407 days ago",2.14,"6,967"
Stephen Unger,Needham_38,TMO,Q4 2021,"Feb 2, 2022 BMO","Oct 27, 2020 407 days ago",5.77,"9,071"
Stephen Unger,Needham_38,PKI,Q4 2021,"Feb 3, 2022 AMC","Nov 9, 2020 393 days ago",2.22,"1,047"
Stephen Unger,Needham_38,BRKR,Q4 2021,"Feb 14, 2022 AMC","Nov 5, 2020 397 days ago",0.58,632.9
Stephen Unger,Needham_38,NEO,Q4 2021,"Feb 23, 2022 BMO","Oct 28, 2020 406 days ago",0.11,137.3
Stephen Unger,Needham_38,VCYT,Q4 2021,"Mar 1, 2022 AMC","Nov 3, 2020 399 days ago",-0.09,37.5
constanzap,constanzap,GEF,Q4 2021,"Dec 8, 2021 AMC","Jun 9, 2021 181 days ago",1.23,"1,246"
constanzap,constanzap,NKE,Q2 2022,"Dec 20, 2021 AMC","May 28, 2021 193 days ago",1.16,"13,130"
constanzap,constanzap,APOG,Q3 2022,"Dec 23, 2021 BMO","Apr 5, 2021 246 days ago",0.76,313.64
constanzap,constanzap,WDFC,Q1 2022,"Jan 12, 2022 AMC","Apr 5, 2021 246 days ago",1.75,127.8
constanzap,constanzap,JPM,Q4 2021,"Jan 14, 2022 BMO","Apr 5, 2021 246 days ago",2.84,"29,850"
constanzap,constanzap,NFLX,Q4 2021,"Jan 18, 2022 AMC","Apr 5, 2021 246 days ago",3,"7,916"
constanzap,constanzap,MTG,Q4 2021,"Jan 20, 2022 AMC","May 5, 2021 216 days ago",0.45,305.5
constanzap,constanzap,ALLY,Q4 2021,"Feb 1, 2022 BMO","Apr 12, 2021 239 days ago",1.31,"1,945"
constanzap,constanzap,AAPL,Q1 2022,"Feb 1, 2022 AMC","Apr 27, 2021 224 days ago",1.8,"120,172"
constanzap,constanzap,BIP,Q4 2021,"Feb 2, 2022 BMO","May 5, 2021 216 days ago",0.59,"2,430"
constanzap,constanzap,PYPL,Q4 2021,"Feb 2, 2022 AMC","May 5, 2021 216 days ago",1.29,"7,221"
constanzap,constanzap,TSLA,Q4 2021,"Feb 2, 2022 AMC","Apr 23, 2021 228 days ago",1.3,"14,958"
constanzap,constanzap,V,Q1 2022,"Feb 3, 2022 AMC","Apr 5, 2021 246 days ago",1.78,"6,826"
constanzap,constanzap,DIS,Q1 2022,"Feb 8, 2022 AMC","May 13, 2021 208 days ago",1.1,"20,950"
constanzap,constanzap,CX,Q4 2021,"Feb 10, 2022 BMO","Apr 27, 2021 224 days ago",0.07,"3,575"
constanzap,constanzap,LEVI,Q4 2021,"Feb 10, 2022 AMC","Apr 5, 2021 246 days ago",0.4,"1,646"
constanzap,constanzap,HLT,Q4 2021,"Feb 16, 2022 BMO","Apr 5, 2021 246 days ago",0.67,"1,675"
constanzap,constanzap,AMAT,Q1 2022,"Feb 16, 2022 AMC","May 20, 2021 201 days ago",1.65,"5,612"
constanzap,constanzap,CSCO,Q2 2022,"Feb 16, 2022 AMC","Apr 5, 2021 246 days ago",0.85,"12,448"
constanzap,constanzap,GTLS,Q4 2021,"Feb 24, 2022 BMO","Apr 12, 2021 239 days ago",1.23,370.31
constanzap,constanzap,TRGP,Q4 2021,"Feb 24, 2022 BMO","May 4, 2021 217 days ago",0.37,"2,915"
constanzap,constanzap,BIDU,Q4 2021,"Feb 24, 2022 BMO","May 17, 2021 204 days ago",3.76,"5,508"
constanzap,constanzap,SEM,Q4 2021,"Feb 24, 2022 AMC","May 5, 2021 216 days ago",0.6,"1,459"
constanzap,constanzap,MTZ,Q4 2021,"Feb 24, 2022 AMC","May 5, 2021 216 days ago",1.47,"2,034"
constanzap,constanzap,SE,Q4 2021,"Mar 1, 2022 BMO","May 17, 2021 204 days ago",-0.31,"2,705"
constanzap,constanzap,GEF,Q1 2022,"Mar 2, 2022 AMC","Jun 9, 2021 181 days ago",1.15,"1,158"
constanzap,constanzap,SQ,Q4 2021,"Mar 2, 2022 AMC","May 5, 2021 216 days ago",0.44,"3,852"
constanzap,constanzap,NKE,Q3 2022,"Mar 22, 2022 AMC","May 28, 2021 193 days ago",1.29,"11,466"
constanzap,constanzap,CRWD,Q4 2022,"Mar 24, 2022 AMC","Jun 3, 2021 187 days ago",0.15,379.98
James Ricchiuti,Needham_16,PLXS,Q1 2022,"Jan 19, 2022 AMC","Oct 29, 2021",1.06,
James Ricchiuti,Needham_16,IIVI,Q2 2022,"Jan 25, 2022 BMO","Nov 9, 2021",0.87,820
James Ricchiuti,Needham_16,MKSI,Q4 2021,"Feb 1, 2022 AMC","Oct 28, 2021 40 days ago",2.86,765
James Ricchiuti,Needham_16,TDY,Q4 2021,"Feb 3, 2022 BMO","Oct 27, 2021 41 days ago",2.58,837
James Ricchiuti,Needham_16,TTMI,Q4 2021,"Feb 9, 2022 AMC","Oct 28, 2021",0.3,550
James Ricchiuti,Needham_16,IRBT,Q4 2021,"Feb 9, 2022 AMC","Nov 18, 2021",-0.98,
James Ricchiuti,Needham_16,COHR,Q1 2022,"Feb 9, 2022 AMC","Nov 12, 2021",1.72,393
James Ricchiuti,Needham_16,BHE,Q4 2021,"Feb 9, 2022 AMC","Oct 28, 2021 41 days ago",0.41,575
James Ricchiuti,Needham_16,PRLB,Q4 2021,"Feb 10, 2022 BMO","Oct 29, 2021",0.28,119.7
James Ricchiuti,Needham_16,KRNT,Q4 2021,"Feb 15, 2022 BMO","Nov 22, 2021 15 days ago",0.22,92
James Ricchiuti,Needham_16,IPGP,Q4 2021,"Feb 15, 2022 BMO","Nov 2, 2021",1.16,351
James Ricchiuti,Needham_16,SEDG,Q4 2021,"Feb 16, 2022 AMC","May 4, 2021 218 days ago",1.45,525
James Ricchiuti,Needham_16,CGNX,Q4 2021,"Feb 17, 2022 AMC","Nov 5, 2021",0.19,220
James Ricchiuti,Needham_16,CLH,Q4 2021,"Feb 23, 2022 BMO","Nov 4, 2021 34 days ago",0.57,"1,019"
James Ricchiuti,Needham_16,DMRC,Q4 2021,"Feb 23, 2022 BMO","Nov 16, 2021",-0.51,6.6
James Ricchiuti,Needham_16,FARO,Q4 2021,"Feb 23, 2022 AMC","Oct 28, 2021",0.5,
James Ricchiuti,Needham_16,LASR,Q4 2021,"Feb 23, 2022 AMC","Nov 5, 2021",0.02,68.4
James Ricchiuti,Needham_16,ZBRA,Q4 2021,"Feb 24, 2022 BMO","Jul 10, 2020 516 days ago",3.84,
James Ricchiuti,Needham_16,OLED,Q4 2021,"Feb 24, 2022 AMC","Nov 5, 2021",1.02,143.1
James Ricchiuti,Needham_16,ENPH,Q4 2021,"Mar 1, 2022 AMC","Apr 28, 2021 224 days ago",0.44,344.09
James Ricchiuti,Needham_16,SSYS,Q4 2021,"Mar 2, 2022 BMO","Nov 4, 2021",0.01,165.6
James Ricchiuti,Needham_16,DDD,Q4 2021,"Mar 2, 2022 AMC","Nov 9, 2021",0.04,142
James Ricchiuti,Needham_16,HCCI,Q4 2021,"Mar 7, 2022 AMC","Oct 22, 2021 47 days ago",0.29,148.6
James Ricchiuti,Needham_16,CECE,Q4 2021,"Mar 10, 2022 BMO","Nov 8, 2021",0.07,83.25
James Ricchiuti,Needham_16,PLXS,Q2 2022,"Apr 20, 2022 AMC","Oct 29, 2021",1.13,
James Ricchiuti,Needham_16,MKSI,Q1 2022,"Apr 25, 2022 AMC","Oct 28, 2021",2.8,761
James Ricchiuti,Needham_16,IRBT,Q1 2022,"Apr 26, 2022 AMC","Nov 18, 2021",0.02,310.5
James Ricchiuti,Needham_16,BHE,Q1 2022,"Apr 27, 2022 AMC","Oct 28, 2021 41 days ago",0.33,565
James Ricchiuti,Needham_16,DMRC,Q1 2022,"Apr 27, 2022 AMC","Nov 16, 2021",-0.52,
James Ricchiuti,Needham_16,PRLB,Q1 2022,"Apr 28, 2022 BMO","Oct 29, 2021",0.37,127.5
James Ricchiuti,Needham_16,CGNX,Q1 2022,"May 2, 2022 AMC","Nov 5, 2021",0.31,248
James Ricchiuti,Needham_16,IPGP,Q1 2022,"May 3, 2022 BMO","Nov 2, 2021 35 days ago",1.26,364
James Ricchiuti,Needham_16,IIVI,Q3 2022,"May 3, 2022 BMO","Nov 9, 2021 28 days ago",0.91,835
James Ricchiuti,Needham_16,FARO,Q1 2022,"May 3, 2022 AMC","Oct 28, 2021",0.13,86.2
James Ricchiuti,Needham_16,CLH,Q1 2022,"May 4, 2022 BMO","Nov 4, 2021",,"1,028"
James Ricchiuti,Needham_16,SSYS,Q1 2022,"May 4, 2022 BMO","Nov 4, 2021",0.02,155.5
James Ricchiuti,Needham_16,TTMI,Q1 2022,"May 4, 2022 AMC","Oct 28, 2021",0.27,557.4
James Ricchiuti,Needham_16,HCCI,Q1 2022,"May 4, 2022 AMC","Oct 22, 2021 47 days ago",,114.5
James Ricchiuti,Needham_16,DDD,Q1 2022,"May 4, 2022 AMC","Nov 9, 2021",0.04,132
James Ricchiuti,Needham_16,TDY,Q1 2022,"May 5, 2022 BMO","Oct 27, 2021",2.63,"1,286"
James Ricchiuti,Needham_16,OLED,Q1 2022,"May 5, 2022 AMC","Nov 5, 2021",0.93,141.15
James Ricchiuti,Needham_16,ZBRA,Q1 2022,"May 10, 2022 BMO","Nov 3, 2021",4.05,"1,422"
James Ricchiuti,Needham_16,KRNT,Q1 2022,"May 10, 2022 BMO","Nov 10, 2021",0.14,
James Ricchiuti,Needham_16,CECE,Q1 2022,"May 11, 2022 BMO","Nov 8, 2021",0.09,85.65
James Ricchiuti,Needham_16,COHR,Q2 2022,"May 11, 2022 AMC","Nov 12, 2021",1.77,398
James Ricchiuti,Needham_16,LASR,Q1 2022,"May 11, 2022 AMC","Nov 5, 2021",0.03,67.95
James Ricchiuti,Needham_16,PLXS,Q3 2022,"Jul 20, 2022 AMC","Oct 29, 2021",1.34,
James Ricchiuti,Needham_16,IRBT,Q2 2022,"Jul 26, 2022 AMC","Nov 18, 2021",0.09,364.5
James Ricchiuti,Needham_16,HCCI,Q2 2022,"Jul 27, 2022 AMC","Oct 22, 2021 47 days ago",,123.5
James Ricchiuti,Needham_16,MKSI,Q2 2022,"Jul 27, 2022 AMC","Oct 28, 2021",2.96,800
Analyst_8367894,Analyst_8367894,IP,Q4 2021,"Jan 27, 2022 BMO","Nov 16, 2021",1.14,"5,260"
Bill Chappell,Suntrust_85,CAG,Q2 2022,"Jan 6, 2022 BMO","Jul 13, 2021 147 days ago",0.65,"2,995"
Bill Chappell,Suntrust_85,STZ,Q3 2022,"Jan 6, 2022 BMO","Oct 6, 2021 62 days ago",3.11,"2,370"
Bill Chappell,Suntrust_85,PG,Q2 2022,"Jan 25, 2022 BMO","Oct 19, 2021 49 days ago",1.68,"20,287"
Bill Chappell,Suntrust_85,CL,Q4 2021,"Jan 28, 2022 BMO","Jul 30, 2021 130 days ago",0.84,"4,483"
Bill Chappell,Suntrust_85,SMG,Q1 2022,"Feb 2, 2022 BMO","Nov 4, 2021",-0.24,604
Bill Chappell,Suntrust_85,ENR,Q1 2022,"Feb 2, 2022 BMO","Nov 10, 2021",0.95,808.5
Bill Chappell,Suntrust_85,CENT,Q1 2022,"Feb 2, 2022 AMC","Nov 23, 2021",0.01,619.3
Bill Chappell,Suntrust_85,ELF,Q3 2022,"Feb 2, 2022 AMC","Nov 4, 2021",0.12,90.3
Bill Chappell,Suntrust_85,POST,Q1 2022,"Feb 3, 2022 AMC","Nov 22, 2021 16 days ago",0.14,"1,651"
Bill Chappell,Suntrust_85,CHD,Q4 2021,"Feb 8, 2022 BMO","Nov 29, 2021",0.57,"1,335"
Bill Chappell,Suntrust_85,KO,Q4 2021,"Feb 9, 2022 BMO","Oct 27, 2021",0.41,"8,689"
Bill Chappell,Suntrust_85,FLO,Q4 2021,"Feb 9, 2022 AMC","Nov 12, 2021",0.22,994.3
Bill Chappell,Suntrust_85,HAIN,Q2 2022,"Feb 10, 2022 BMO","May 6, 2021 215 days ago",0.34,487
Bill Chappell,Suntrust_85,PEP,Q4 2021,"Feb 10, 2022 BMO","Jul 13, 2021 147 days ago",1.59,"23,526"
Bill Chappell,Suntrust_85,EPC,Q1 2022,"Feb 10, 2022 BMO","Nov 11, 2021",0.46,464.6
Bill Chappell,Suntrust_85,THS,Q4 2021,"Feb 10, 2022 BMO","Nov 8, 2021",0.15,"1,138"
Bill Chappell,Suntrust_85,BRBR,Q1 2022,"Feb 10, 2022 AMC","Dec 3, 2021",0.21,305
Bill Chappell,Suntrust_85,ACCO,Q4 2021,"Feb 16, 2022 AMC","Oct 28, 2020 405 days ago",0.48,509
Bill Chappell,Suntrust_85,NWL,Q4 2021,"Feb 18, 2022 BMO","Nov 1, 2021",0.32,"2,674"
Bill Chappell,Suntrust_85,AAN,Q4 2021,"Feb 22, 2022 BMO","Oct 27, 2021",0.28,426.7
Bill Chappell,Suntrust_85,MGPI,Q4 2021,"Mar 2, 2022 BMO","Nov 4, 2021",0.68,155
Bill Chappell,Suntrust_85,TWNK,Q4 2021,"Mar 2, 2022 BMO","Nov 10, 2021",0.23,284.7
Bill Chappell,Suntrust_85,MNST,Q4 2021,"Mar 2, 2022 AMC","Nov 5, 2021",0.64,"1,337"
Bill Chappell,Suntrust_85,KDP,Q4 2021,"Mar 3, 2022 BMO","Nov 2, 2021",0.44,"3,232"
Bill Chappell,Suntrust_85,FRPT,Q4 2021,"Mar 9, 2022 AMC","Nov 9, 2021",0,135
Bill Chappell,Suntrust_85,REYN,Q4 2021,"Mar 15, 2022 BMO","Nov 16, 2021",0.48,"1,008"
Bill Chappell,Suntrust_85,PETQ,Q4 2021,"Mar 15, 2022 AMC","Dec 3, 2021",0.01,165.3
Bill Chappell,Suntrust_85,NOMD,Q4 2021,"Mar 31, 2022 BMO","Nov 4, 2021",0.36,684
Bill Chappell,Suntrust_85,CAG,Q3 2022,"Apr 7, 2022 BMO","Jul 13, 2021 147 days ago",0.66,"2,835"
Bill Chappell,Suntrust_85,STZ,Q4 2022,"Apr 7, 2022 BMO","Oct 6, 2021 62 days ago",2.35,"2,034"
Bill Chappell,Suntrust_85,PEP,Q1 2022,"Apr 19, 2022 BMO","Jul 13, 2021 147 days ago",1.23,"15,449"
Bill Chappell,Suntrust_85,PG,Q3 2022,"Apr 26, 2022 BMO","Oct 19, 2021 49 days ago",1.31,"18,940"
Bill Chappell,Suntrust_85,KO,Q1 2022,"Apr 26, 2022 BMO","Oct 27, 2021 41 days ago",0.55,"9,535"
Bill Chappell,Suntrust_85,AAN,Q1 2022,"Apr 26, 2022 BMO","Oct 27, 2021",0.81,471.2
Bill Chappell,Suntrust_85,CL,Q1 2022,"Apr 29, 2022 BMO","Apr 30, 2021 221 days ago",0.83,"4,495"
Bill Chappell,Suntrust_85,MGPI,Q1 2022,"May 4, 2022 BMO","Nov 4, 2021",1.06,168.7
Bill Chappell,Suntrust_85,ENR,Q2 2022,"May 4, 2022 BMO","Nov 11, 2021",0.57,661.8
Bill Chappell,Suntrust_85,SMG,Q2 2022,"May 4, 2022 BMO","Nov 4, 2021",4.73,"1,742"
Bill Chappell,Suntrust_85,CENT,Q2 2022,"May 4, 2022 AMC","Nov 23, 2021",1.3,963.4
Bill Chappell,Suntrust_85,FRPT,Q1 2022,"May 4, 2022 AMC","Nov 9, 2021 29 days ago",-0.16,127
Bill Chappell,Suntrust_85,CHD,Q1 2022,"May 5, 2022 BMO","Nov 29, 2021",0.88,"1,312"
Bill Chappell,Suntrust_85,EPC,Q2 2022,"May 5, 2022 BMO","Nov 11, 2021",0.59,537.7
Bill Chappell,Suntrust_85,THS,Q1 2022,"May 5, 2022 BMO","Nov 8, 2021",0.16,"1,097"
Bill Chappell,Suntrust_85,POST,Q2 2022,"May 5, 2022 AMC","Nov 22, 2021 16 days ago",0.68,"1,622"
Bill Chappell,Suntrust_85,MNST,Q1 2022,"May 5, 2022 AMC","Nov 5, 2021",0.64,"1,362"
Bill Chappell,Suntrust_85,NWL,Q1 2022,"May 6, 2022 BMO","Nov 1, 2021",0.35,"2,348"
Bill Chappell,Suntrust_85,TWNK,Q1 2022,"May 11, 2022 BMO","Nov 10, 2021",0.19,274.4
Bill Chappell,Suntrust_85,KDP,Q1 2022,"May 12, 2022 BMO","Nov 2, 2021",0.33,"2,909"
Bill Chappell,Suntrust_85,HAIN,Q3 2022,"May 12, 2022 BMO","May 6, 2021 215 days ago",0.44,521
Bill Chappell,Suntrust_85,NOMD,Q1 2022,"May 12, 2022 BMO","Nov 4, 2021",0.38,721.5
David Shoko,Showkz99,GME,Q3 2021,"Dec 8, 2021 AMC","Nov 23, 2021",-0.65,"1,950"
David Shoko,Showkz99,AVGO,Q4 2021,"Dec 9, 2021 AMC","Dec 6, 2021",7.85,"7,420"
David Shoko,Showkz99,ORCL,Q2 2022,"Dec 9, 2021 AMC","Dec 6, 2021",1.15,"10,220"
David Shoko,Showkz99,LULU,Q3 2021,"Dec 9, 2021 AMC","Dec 6, 2021",1.45,"1,445"
David Shoko,Showkz99,GRUB,Q3 2021,"Dec 10, 2021 AMC","Oct 25, 2021",-0.15,595
David Shoko,Showkz99,PEP,Q4 2021,"Feb 10, 2022 BMO","Oct 5, 2021 63 days ago",1.58,"23,960"
"William Chappell, Jr.",Suntrust_10,CAG,Q2 2022,"Jan 6, 2022 BMO","Jun 30, 2020 525 days ago",0.77,"2,980"
"William Chappell, Jr.",Suntrust_10,STZ,Q3 2022,"Jan 6, 2022 BMO","Jul 1, 2020 524 days ago",2.51,"2,054"
"William Chappell, Jr.",Suntrust_10,PG,Q2 2022,"Jan 25, 2022 BMO","Jul 30, 2020 495 days ago",1.62,"19,560"
"William Chappell, Jr.",Suntrust_10,CL,Q4 2021,"Jan 28, 2022 BMO","May 1, 2020 585 days ago",0.84,"4,111"
"William Chappell, Jr.",Suntrust_10,CHD,Q4 2021,"Feb 8, 2022 BMO","Jul 31, 2020 494 days ago",0.66,"1,252"
"William Chappell, Jr.",Suntrust_10,KO,Q4 2021,"Feb 9, 2022 BMO","Jul 21, 2020 504 days ago",0.52,"9,311"
"William Chappell, Jr.",Suntrust_10,FLO,Q4 2021,"Feb 9, 2022 AMC","May 14, 2020 572 days ago",0.24,954.6
"William Chappell, Jr.",Suntrust_10,PEP,Q4 2021,"Feb 10, 2022 BMO","Jul 13, 2020 512 days ago",1.64,"21,175"
"William Chappell, Jr.",Suntrust_10,THS,Q4 2021,"Feb 10, 2022 BMO","May 7, 2020 579 days ago",1.28,"1,155"
"William Chappell, Jr.",Suntrust_10,ACCO,Q4 2021,"Feb 16, 2022 AMC","Jul 29, 2020 496 days ago",0.48,524
"William Chappell, Jr.",Suntrust_10,NWL,Q4 2021,"Feb 18, 2022 BMO","Feb 21, 2020 656 days ago",0.53,"2,638"
"William Chappell, Jr.",Suntrust_10,AAN,Q4 2021,"Feb 22, 2022 BMO","Jul 29, 2020 496 days ago",1.27,"1,152"
"William Chappell, Jr.",Suntrust_10,MGPI,Q4 2021,"Mar 2, 2022 BMO","Jul 30, 2020 495 days ago",0.8,107
"William Chappell, Jr.",Suntrust_10,TWNK,Q4 2021,"Mar 2, 2022 BMO","May 8, 2020 578 days ago",0.24,257.5
"William Chappell, Jr.",Suntrust_10,MNST,Q4 2021,"Mar 2, 2022 AMC","May 7, 2020 579 days ago",0.61,"1,160"
"William Chappell, Jr.",Suntrust_10,KDP,Q4 2021,"Mar 3, 2022 BMO","Jul 30, 2020 495 days ago",0.45,"3,116"
"William Chappell, Jr.",Suntrust_10,FRPT,Q4 2021,"Mar 9, 2022 AMC","May 4, 2020 582 days ago",0.34,103
"William Chappell, Jr.",Suntrust_10,PETQ,Q4 2021,"Mar 15, 2022 AMC","May 20, 2020 566 days ago",0.2,207
"William Chappell, Jr.",Suntrust_10,NOMD,Q4 2021,"Mar 31, 2022 BMO","Jun 10, 2020 545 days ago",0.45,657
"William Chappell, Jr.",Suntrust_10,CAG,Q3 2022,"Apr 7, 2022 BMO","Jun 30, 2020 525 days ago",0.63,"2,680"
"William Chappell, Jr.",Suntrust_10,STZ,Q4 2022,"Apr 7, 2022 BMO","Jul 1, 2020 524 days ago",2.1,"1,855"
"William Chappell, Jr.",Suntrust_10,PG,Q3 2022,"Apr 26, 2022 BMO","Jul 30, 2020 495 days ago",1.31,"18,256"
Analyst_7863888,Analyst_7863888,SAM,Q4 2021,"Feb 23, 2022 AMC","Oct 16, 2021 52 days ago",2.82,476.88
Analyst_7863888,Analyst_7863888,SAM,Q4 2021,"Feb 23, 2022 AMC","Oct 16, 2021 52 days ago",2.82,476.88
Analyst_7863888,Analyst_7863888,SAM,Q4 2021,"Feb 23, 2022 AMC","Oct 16, 2021 52 days ago",2.82,476.88
Analyst_7338224,Analyst_7338224,DOCS,Q3 2022,"Jan 28, 2022 AMC","Nov 9, 2021",0.1,75
Analyst_7338224,Analyst_7338224,COIN,Q4 2021,"Feb 10, 2022 AMC","Sep 28, 2021 70 days ago",1.24,"1,480"
Analyst_9916356,Analyst_9916356,LRCX,Q2 2022,"Jan 26, 2022 AMC","Oct 20, 2021 48 days ago",8.5,"4,412"
lernout,lernout,KBH,Q4 2021,"Jan 12, 2022 AMC","Nov 9, 2021",1.85,"1,750"
Vitaly,Vitaly,FDX,Q2 2022,"Dec 16, 2021 AMC","Nov 3, 2021",4.29,"22,522"
Vitaly,Vitaly,MU,Q1 2022,"Dec 20, 2021 AMC","Nov 3, 2021",2.15,"7,834"
Vitaly,Vitaly,AMD,Q4 2021,"Feb 1, 2022 AMC","Nov 6, 2021",0.8,"4,527"
Vitaly,Vitaly,MRK,Q4 2021,"Feb 3, 2022 BMO","Nov 8, 2021",1.6,"13,130"
Vitaly,Vitaly,AMGN,Q4 2021,"Feb 3, 2022 AMC","Nov 8, 2021",4.15,"6,937"
Vitaly,Vitaly,ZEN,Q4 2021,"Feb 8, 2022 AMC","Nov 2, 2021",0.19,371.23
Vitaly,Vitaly,SKX,Q4 2021,"Feb 10, 2022 AMC","Nov 1, 2021",0.38,"1,551"
Vitaly,Vitaly,FSLY,Q4 2021,"Feb 24, 2022 AMC","Nov 6, 2021",-0.14,92.13
Vitaly,Vitaly,TDOC,Q4 2021,"Mar 2, 2022 AMC","Nov 3, 2021",-0.55,547.85
Analyst_4578647,Analyst_4578647,LEN,Q4 2021,"Dec 15, 2021 AMC","Dec 4, 2021",4.2,"8,636"
Abdulaziz Alkaltham,klthmy,KMX,Q3 2022,"Dec 17, 2021 BMO","Apr 1, 2021 250 days ago",1.28,"5,420"
Abdulaziz Alkaltham,klthmy,FDS,Q1 2022,"Dec 21, 2021 BMO","Mar 28, 2021 254 days ago",2.96,407.21
Abdulaziz Alkaltham,klthmy,PAYX,Q2 2022,"Dec 22, 2021 BMO","Apr 5, 2021 246 days ago",0.77,"1,058"
Abdulaziz Alkaltham,klthmy,RPM,Q2 2022,"Jan 5, 2022 BMO","Apr 5, 2021 246 days ago",1.17,"1,522"
Abdulaziz Alkaltham,klthmy,LNDC,Q2 2022,"Jan 5, 2022 AMC","Apr 5, 2021 246 days ago",0.02,136.06
Abdulaziz Alkaltham,klthmy,CAG,Q2 2022,"Jan 6, 2022 BMO","Apr 5, 2021 246 days ago",0.75,"2,909"
Abdulaziz Alkaltham,klthmy,ANGO,Q2 2022,"Jan 6, 2022 BMO","Mar 28, 2021 254 days ago",0.06,75.7
Abdulaziz Alkaltham,klthmy,LW,Q2 2022,"Jan 6, 2022 BMO","Apr 5, 2021 246 days ago",0.82,979.99
Abdulaziz Alkaltham,klthmy,FC,Q1 2022,"Jan 6, 2022 AMC","Apr 1, 2021 250 days ago",-0.02,53.21
Abdulaziz Alkaltham,klthmy,GBX,Q1 2022,"Jan 7, 2022 BMO","Apr 1, 2021 250 days ago",0.38,594.04
Abdulaziz Alkaltham,klthmy,CALM,Q2 2022,"Jan 7, 2022 AMC","Mar 28, 2021 254 days ago",0.25,369.84
Abdulaziz Alkaltham,klthmy,SJR,Q1 2022,"Jan 12, 2022 BMO","Apr 5, 2021 246 days ago",0.26,"1,095"
Abdulaziz Alkaltham,klthmy,WDFC,Q1 2022,"Jan 12, 2022 AMC","Apr 5, 2021 246 days ago",1.67,130.81
Abdulaziz Alkaltham,klthmy,UNH,Q4 2021,"Jan 18, 2022 BMO","Apr 5, 2021 246 days ago",4.62,"70,648"
Abdulaziz Alkaltham,klthmy,NFLX,Q4 2021,"Jan 18, 2022 AMC","Apr 5, 2021 246 days ago",1.79,"7,885"
Abdulaziz Alkaltham,klthmy,FAST,Q4 2021,"Jan 19, 2022 BMO","Apr 5, 2021 246 days ago",0.35,"1,433"
Abdulaziz Alkaltham,klthmy,CMA,Q4 2021,"Jan 19, 2022 BMO","Apr 5, 2021 246 days ago",1.26,723.82
Abdulaziz Alkaltham,klthmy,PLXS,Q1 2022,"Jan 19, 2022 AMC","Apr 5, 2021 246 days ago",1.23,915.26
Abdulaziz Alkaltham,klthmy,BSET,Q4 2021,"Jan 20, 2022 BMO","Apr 1, 2021 250 days ago",0.57,118.42
Abdulaziz Alkaltham,klthmy,KSU,Q4 2021,"Jan 21, 2022 BMO","Apr 5, 2021 246 days ago",2.42,768.15
Abdulaziz Alkaltham,klthmy,DHI,Q1 2022,"Jan 25, 2022 BMO","Apr 5, 2021 246 days ago",2.32,"6,801"
Abdulaziz Alkaltham,klthmy,CCL,Q4 2021,"Jan 25, 2022 BMO","Apr 5, 2021 246 days ago",-0.81,"2,603"
Abdulaziz Alkaltham,klthmy,MRTN,Q4 2021,"Jan 27, 2022 AMC","Apr 5, 2021 246 days ago",0.26,249.95
Abdulaziz Alkaltham,klthmy,NDAQ,Q4 2021,"Feb 2, 2022 BMO","Apr 5, 2021 246 days ago",1.62,807.45
Abdulaziz Alkaltham,klthmy,KO,Q4 2021,"Feb 9, 2022 BMO","Apr 5, 2021 246 days ago",0.49,"9,154"
Abdulaziz Alkaltham,klthmy,CCK,Q4 2021,"Feb 9, 2022 AMC","Apr 5, 2021 246 days ago",1.64,"3,158"
Abdulaziz Alkaltham,klthmy,PEP,Q4 2021,"Feb 10, 2022 BMO","Apr 5, 2021 246 days ago",1.61,"23,641"
Abdulaziz Alkaltham,klthmy,BSET,Q1 2022,"Mar 31, 2022 BMO","Apr 1, 2021 250 days ago",0.43,116.75
Abdulaziz Alkaltham,klthmy,FC,Q2 2022,"Mar 31, 2022 AMC","Apr 1, 2021 250 days ago",-0.06,52.71
Abdulaziz Alkaltham,klthmy,KMX,Q4 2022,"Apr 7, 2022 BMO","Apr 1, 2021 250 days ago",1.35,"5,531"
Sowaidan_M,Sowaidan_M,KMX,Q3 2022,"Dec 17, 2021 BMO","Apr 16, 2021 235 days ago",1.29,"5,440"
Sowaidan_M,Sowaidan_M,FDS,Q1 2022,"Dec 21, 2021 BMO","Mar 27, 2021 255 days ago",2.91,409.4
Sowaidan_M,Sowaidan_M,PAYX,Q2 2022,"Dec 22, 2021 BMO","Apr 16, 2021 235 days ago",0.77,"1,047"
Sowaidan_M,Sowaidan_M,RPM,Q2 2022,"Jan 5, 2022 BMO","Apr 6, 2021 245 days ago",1.16,"1,522"
Sowaidan_M,Sowaidan_M,LNDC,Q2 2022,"Jan 5, 2022 AMC","Apr 7, 2021 244 days ago",-0.25,138.96
Sowaidan_M,Sowaidan_M,CAG,Q2 2022,"Jan 6, 2022 BMO","Apr 8, 2021 244 days ago",0.76,"2,909"
Sowaidan_M,Sowaidan_M,ANGO,Q2 2022,"Jan 6, 2022 BMO","Mar 27, 2021 255 days ago",0.06,75.67
Sowaidan_M,Sowaidan_M,SCHN,Q1 2022,"Jan 6, 2022 BMO","Apr 6, 2021 245 days ago",0.64,631.1
Sowaidan_M,Sowaidan_M,CALM,Q2 2022,"Jan 7, 2022 AMC","Mar 29, 2021 254 days ago",0.25,369.73
Sowaidan_M,Sowaidan_M,WDFC,Q1 2022,"Jan 12, 2022 AMC","Apr 6, 2021 245 days ago",1.68,130.81
Sowaidan_M,Sowaidan_M,UNH,Q4 2021,"Jan 18, 2022 BMO","Apr 14, 2021 238 days ago",4.63,"70,648"
Sowaidan_M,Sowaidan_M,NFLX,Q4 2021,"Jan 18, 2022 AMC","Apr 16, 2021 235 days ago",1.98,"7,898"
Sowaidan_M,Sowaidan_M,FAST,Q4 2021,"Jan 19, 2022 BMO","Apr 12, 2021 240 days ago",0.36,"1,431"
Sowaidan_M,Sowaidan_M,CMA,Q4 2021,"Jan 19, 2022 BMO","Apr 16, 2021 235 days ago",1.26,722.34
Sowaidan_M,Sowaidan_M,PLXS,Q1 2022,"Jan 19, 2022 AMC","Apr 16, 2021 235 days ago",1.25,917.28
Sowaidan_M,Sowaidan_M,KSU,Q4 2021,"Jan 21, 2022 BMO","Apr 16, 2021 235 days ago",2.4,770.32
Sowaidan_M,Sowaidan_M,DHI,Q1 2022,"Jan 25, 2022 BMO","Apr 16, 2021 235 days ago",2.39,"6,850"
Sowaidan_M,Sowaidan_M,MRTN,Q4 2021,"Jan 27, 2022 AMC","Apr 15, 2021 236 days ago",0.28,250.88
Sowaidan_M,Sowaidan_M,NDAQ,Q4 2021,"Feb 2, 2022 BMO","Apr 16, 2021 235 days ago",1.66,814.59
Sowaidan_M,Sowaidan_M,KO,Q4 2021,"Feb 9, 2022 BMO","Apr 16, 2021 235 days ago",0.51,"9,309"
Sowaidan_M,Sowaidan_M,CCK,Q4 2021,"Feb 9, 2022 AMC","Apr 16, 2021 235 days ago",1.67,"3,161"
Sowaidan_M,Sowaidan_M,PEP,Q4 2021,"Feb 10, 2022 BMO","Apr 11, 2021 241 days ago",1.62,"23,641"
Sowaidan_M,Sowaidan_M,PAYX,Q3 2022,"Mar 30, 2022 BMO","Apr 16, 2021 235 days ago",1.02,"1,189"
Sowaidan_M,Sowaidan_M,KMX,Q4 2022,"Apr 7, 2022 BMO","Apr 16, 2021 235 days ago",1.38,"5,520"
Sowaidan_M,Sowaidan_M,KSU,Q1 2022,"Apr 22, 2022 BMO","Apr 16, 2021 235 days ago",2.32,769.54
Lamia Almrhoum,Lamia_4869,KMX,Q3 2022,"Dec 17, 2021 BMO","Apr 1, 2021 250 days ago",1.3,"5,534"
Lamia Almrhoum,Lamia_4869,FDS,Q1 2022,"Dec 21, 2021 BMO","Mar 27, 2021 255 days ago",2.89,406.7
Lamia Almrhoum,Lamia_4869,PAYX,Q2 2022,"Dec 22, 2021 BMO","Apr 1, 2021 250 days ago",0.81,"1,046"
Lamia Almrhoum,Lamia_4869,RPM,Q2 2022,"Jan 5, 2022 BMO","Apr 2, 2021 249 days ago",1.25,"1,533"
Lamia Almrhoum,Lamia_4869,LNDC,Q2 2022,"Jan 5, 2022 AMC","Apr 2, 2021 249 days ago",-0.06,136.15
Lamia Almrhoum,Lamia_4869,CAG,Q2 2022,"Jan 6, 2022 BMO","Apr 2, 2021 249 days ago",0.83,"2,915"
Lamia Almrhoum,Lamia_4869,ANGO,Q2 2022,"Jan 6, 2022 BMO","Mar 27, 2021 255 days ago",0.02,75.66
Lamia Almrhoum,Lamia_4869,CALM,Q2 2022,"Jan 7, 2022 AMC","Mar 27, 2021 256 days ago",0.3,370.14
Lamia Almrhoum,Lamia_4869,WDFC,Q1 2022,"Jan 12, 2022 AMC","Apr 2, 2021 249 days ago",1.8,134.8
Lamia Almrhoum,Lamia_4869,UNH,Q4 2021,"Jan 18, 2022 BMO","Apr 7, 2021 244 days ago",4.83,"71,449"
Lamia Almrhoum,Lamia_4869,NFLX,Q4 2021,"Jan 18, 2022 AMC","Apr 10, 2021 241 days ago",1.75,"7,842"
Lamia Almrhoum,Lamia_4869,FAST,Q4 2021,"Jan 19, 2022 BMO","Apr 3, 2021 248 days ago",0.39,"1,436"
Lamia Almrhoum,Lamia_4869,CMA,Q4 2021,"Jan 19, 2022 BMO","Apr 10, 2021 241 days ago",1.26,719.98
Lamia Almrhoum,Lamia_4869,PLXS,Q1 2022,"Jan 19, 2022 AMC","Apr 10, 2021 241 days ago",1.29,920.25
Lamia Almrhoum,Lamia_4869,KSU,Q4 2021,"Jan 21, 2022 BMO","Apr 7, 2021 244 days ago",2.48,775.65
Lamia Almrhoum,Lamia_4869,DHI,Q1 2022,"Jan 25, 2022 BMO","Apr 10, 2021 241 days ago",2.44,"6,762"
Lamia Almrhoum,Lamia_4869,MRTN,Q4 2021,"Jan 27, 2022 AMC","Apr 10, 2021 241 days ago",0.31,251.39
Lamia Almrhoum,Lamia_4869,NDAQ,Q4 2021,"Feb 2, 2022 BMO","Apr 10, 2021 241 days ago",1.69,819.92
Lamia Almrhoum,Lamia_4869,KO,Q4 2021,"Feb 9, 2022 BMO","Apr 7, 2021 244 days ago",0.53,"9,463"
Lamia Almrhoum,Lamia_4869,CCK,Q4 2021,"Feb 9, 2022 AMC","Apr 10, 2021 241 days ago",1.69,"3,163"
Lamia Almrhoum,Lamia_4869,PEP,Q4 2021,"Feb 10, 2022 BMO","Apr 3, 2021 248 days ago",1.76,"23,700"
Lamia Almrhoum,Lamia_4869,KMX,Q4 2022,"Apr 7, 2022 BMO","Apr 1, 2021 250 days ago",1.44,"5,635"
Hussain_Almusa,Hussain_Almusa,KMX,Q3 2022,"Dec 17, 2021 BMO","Mar 31, 2021 251 days ago",1.27,"5,378"
Hussain_Almusa,Hussain_Almusa,FDS,Q1 2022,"Dec 21, 2021 BMO","Mar 26, 2021 256 days ago",2.8,406.45
Hussain_Almusa,Hussain_Almusa,PAYX,Q2 2022,"Dec 22, 2021 BMO","Apr 5, 2021 246 days ago",0.74,"1,014"
Hussain_Almusa,Hussain_Almusa,ANGO,Q2 2022,"Jan 6, 2022 BMO","Mar 28, 2021 254 days ago",0.02,76.71
Hussain_Almusa,Hussain_Almusa,LNN,Q1 2022,"Jan 6, 2022 BMO","Apr 5, 2021 246 days ago",0.62,119.04
Hussain_Almusa,Hussain_Almusa,CALM,Q2 2022,"Jan 7, 2022 AMC","Mar 26, 2021 256 days ago",0.22,403.86
Fatima,Fatima,FDS,Q1 2022,"Dec 21, 2021 BMO","Mar 28, 2021 254 days ago",2.84,400.5
Fatima,Fatima,RPM,Q2 2022,"Jan 5, 2022 BMO","Apr 6, 2021 245 days ago",1.04,"1,518"
Fatima,Fatima,SCHN,Q1 2022,"Jan 6, 2022 BMO","Apr 6, 2021 245 days ago",0.56,594.01
Fatima,Fatima,CALM,Q2 2022,"Jan 7, 2022 AMC","Mar 28, 2021 254 days ago",0.19,376.24
Michael Wiederhorn,Oppenheimer_23,UNH,Q4 2021,"Jan 18, 2022 BMO","Dec 1, 2021",4.32,
Michael Wiederhorn,Oppenheimer_23,HCA,Q4 2021,"Feb 1, 2022 BMO","Oct 22, 2021 46 days ago",4.69,
Michael Wiederhorn,Oppenheimer_23,HUM,Q4 2021,"Feb 2, 2022 BMO","Nov 3, 2021",1.15,
Michael Wiederhorn,Oppenheimer_23,CI,Q4 2021,"Feb 3, 2022 BMO","Nov 4, 2021",4.66,
Michael Wiederhorn,Oppenheimer_23,CNC,Q4 2021,"Feb 8, 2022 BMO","Oct 26, 2021",0.99,
Michael Wiederhorn,Oppenheimer_23,CVS,Q4 2021,"Feb 9, 2022 BMO","Nov 3, 2021",1.56,
Michael Wiederhorn,Oppenheimer_23,ENSG,Q4 2021,"Feb 9, 2022 AMC","Oct 28, 2021",0.96,
Michael Wiederhorn,Oppenheimer_23,CHE,Q4 2021,"Feb 16, 2022 AMC","Oct 28, 2021",5.1,
Michael Wiederhorn,Oppenheimer_23,CYH,Q4 2021,"Feb 23, 2022 AMC","Oct 28, 2021",0.54,
Michael Wiederhorn,Oppenheimer_23,AMED,Q4 2021,"Mar 1, 2022 AMC","Nov 2, 2021",1.14,
Michael Wiederhorn,Oppenheimer_23,TDOC,Q4 2021,"Mar 2, 2022 AMC","Oct 27, 2021 41 days ago",-0.33,543.38
Michael Wiederhorn,Oppenheimer_23,LHCG,Q4 2021,"Mar 2, 2022 AMC","Oct 18, 2021 50 days ago",1.34,
Michael Wiederhorn,Oppenheimer_23,CCRN,Q4 2021,"Mar 2, 2022 AMC","Nov 4, 2021",1.1,
Michael Wiederhorn,Oppenheimer_23,ADUS,Q4 2021,"Mar 7, 2022 AMC","Aug 3, 2021 126 days ago",0.97,
Michael Wiederhorn,Oppenheimer_23,UNH,Q1 2022,"Apr 19, 2022 BMO","Dec 1, 2021",5.53,
Michael Wiederhorn,Oppenheimer_23,CNC,Q1 2022,"Apr 26, 2022 BMO","Sep 13, 2021 85 days ago",1.73,
Michael Wiederhorn,Oppenheimer_23,HUM,Q1 2022,"Apr 27, 2022 BMO","Nov 3, 2021",7.09,
Michael Wiederhorn,Oppenheimer_23,CHE,Q1 2022,"Apr 27, 2022 AMC","Jul 27, 2021 133 days ago",4.3,
Michael Wiederhorn,Oppenheimer_23,HCA,Q1 2022,"May 3, 2022 BMO","Oct 22, 2021 46 days ago",4.56,
Michael Wiederhorn,Oppenheimer_23,CVS,Q1 2022,"May 3, 2022 BMO","Nov 3, 2021",2.01,
Michael Wiederhorn,Oppenheimer_23,CYH,Q1 2022,"May 3, 2022 AMC","Jul 29, 2021 131 days ago",0.15,
Michael Wiederhorn,Oppenheimer_23,TDOC,Q1 2022,"May 3, 2022 AMC","Oct 27, 2021 41 days ago",-0.28,594.75
Michael Wiederhorn,Oppenheimer_23,AMED,Q1 2022,"May 3, 2022 AMC","Nov 2, 2021",1.24,
Michael Wiederhorn,Oppenheimer_23,CCRN,Q1 2022,"May 4, 2022 AMC","Nov 4, 2021",0.37,
Michael Wiederhorn,Oppenheimer_23,LHCG,Q1 2022,"May 4, 2022 AMC","Nov 4, 2021",1.32,
Michael Wiederhorn,Oppenheimer_23,CI,Q1 2022,"May 6, 2022 BMO","Nov 4, 2021",5.23,
Michael Wiederhorn,Oppenheimer_23,ADUS,Q1 2022,"May 9, 2022 AMC","Nov 2, 2021",0.94,
Michael Wiederhorn,Oppenheimer_23,ENSG,Q1 2022,"May 10, 2022 AMC","Jul 28, 2021 132 days ago",0.95,
Michael Wiederhorn,Oppenheimer_23,UNH,Q2 2022,"Jul 19, 2022 BMO","Dec 1, 2021",5.29,
Michael Wiederhorn,Oppenheimer_23,CNC,Q2 2022,"Jul 26, 2022 BMO","Oct 26, 2021",1.51,
Michael Wiederhorn,Oppenheimer_23,CHE,Q2 2022,"Jul 26, 2022 AMC","Oct 28, 2021",4.8,
Michael Wiederhorn,Oppenheimer_23,HCA,Q2 2022,"Jul 27, 2022 BMO","Oct 22, 2021 46 days ago",4.56,
Michael Wiederhorn,Oppenheimer_23,HUM,Q2 2022,"Jul 27, 2022 BMO","Nov 3, 2021",7.46,
Michael Wiederhorn,Oppenheimer_23,AMED,Q2 2022,"Aug 2, 2022 AMC","Nov 2, 2021",1.46,
Michael Wiederhorn,Oppenheimer_23,CYH,Q2 2022,"Aug 2, 2022 AMC","Oct 28, 2021",0.13,
Michael Wiederhorn,Oppenheimer_23,TDOC,Q2 2022,"Aug 3, 2022 AMC","Oct 27, 2021 41 days ago",-0.25,629.37
Michael Wiederhorn,Oppenheimer_23,CCRN,Q2 2022,"Aug 3, 2022 AMC","Nov 4, 2021",0.34,
Michael Wiederhorn,Oppenheimer_23,LHCG,Q2 2022,"Aug 3, 2022 AMC","Nov 4, 2021",1.48,
Michael Wiederhorn,Oppenheimer_23,CI,Q2 2022,"Aug 4, 2022 BMO","Nov 4, 2021",5.63,
Michael Wiederhorn,Oppenheimer_23,ENSG,Q2 2022,"Aug 4, 2022 AMC","Oct 28, 2021",0.96,
Michael Wiederhorn,Oppenheimer_23,ADUS,Q2 2022,"Aug 8, 2022 AMC","Nov 2, 2021",1,
Michael Wiederhorn,Oppenheimer_23,CVS,Q2 2022,"Aug 10, 2022 BMO","Nov 3, 2021",2.16,
Michael Wiederhorn,Oppenheimer_23,UNH,Q3 2022,"Oct 18, 2022 BMO","Dec 1, 2021",5.46,
Michael Wiederhorn,Oppenheimer_23,CNC,Q3 2022,"Oct 25, 2022 BMO","Oct 26, 2021",1.23,
Michael Wiederhorn,Oppenheimer_23,CHE,Q3 2022,"Oct 27, 2022 AMC","Oct 28, 2021",4.99,
Michael Wiederhorn,Oppenheimer_23,HCA,Q3 2022,"Nov 1, 2022 BMO","Oct 22, 2021 46 days ago",4.45,
Michael Wiederhorn,Oppenheimer_23,AMED,Q3 2022,"Nov 1, 2022 AMC","Nov 2, 2021",1.55,
Michael Wiederhorn,Oppenheimer_23,CYH,Q3 2022,"Nov 1, 2022 AMC","Oct 28, 2021",0.25,
Michael Wiederhorn,Oppenheimer_23,HUM,Q3 2022,"Nov 2, 2022 BMO","Nov 3, 2021",5.79,
Michael Wiederhorn,Oppenheimer_23,TDOC,Q3 2022,"Nov 2, 2022 AMC","Oct 27, 2021 41 days ago",-0.17,665.51
David MacDonald,Suntrust_82,WBA,Q1 2022,"Jan 6, 2022 BMO","Nov 15, 2021",1.31,"32,222"
David MacDonald,Suntrust_82,UNH,Q4 2021,"Jan 18, 2022 BMO","Dec 7, 2021 1 days ago",4.3,"73,112"
David MacDonald,Suntrust_82,ANTM,Q4 2021,"Jan 26, 2022 BMO","Oct 20, 2021 48 days ago",5.07,"36,732"
David MacDonald,Suntrust_82,HCA,Q4 2021,"Feb 1, 2022 BMO","Oct 25, 2021",4.34,"15,374"
David MacDonald,Suntrust_82,HUM,Q4 2021,"Feb 2, 2022 BMO","Nov 10, 2021",1.13,"21,117"
David MacDonald,Suntrust_82,DGX,Q4 2021,"Feb 3, 2022 BMO","Oct 25, 2021",2.89,"2,530"
David MacDonald,Suntrust_82,CI,Q4 2021,"Feb 3, 2022 BMO","Nov 8, 2021",4.69,"44,020"
David MacDonald,Suntrust_82,CNC,Q4 2021,"Feb 8, 2022 BMO","Oct 26, 2021",0.96,"32,542"
David MacDonald,Suntrust_82,CVS,Q4 2021,"Feb 9, 2022 BMO","Nov 8, 2021",1.53,"73,497"
David MacDonald,Suntrust_82,ENSG,Q4 2021,"Feb 9, 2022 AMC","May 3, 2021 219 days ago",0.94,690.7
David MacDonald,Suntrust_82,MD,Q4 2021,"Feb 10, 2022 BMO","Nov 1, 2021",0.42,481
David MacDonald,Suntrust_82,MOH,Q4 2021,"Feb 14, 2022 AMC","Nov 1, 2021",2.68,"7,143"
David MacDonald,Suntrust_82,DVA,Q4 2021,"Feb 16, 2022 AMC","Nov 1, 2021",1.81,"2,915"
David MacDonald,Suntrust_82,LH,Q4 2021,"Feb 17, 2022 BMO","Nov 1, 2021",5.34,"3,740"
David MacDonald,Suntrust_82,EHC,Q4 2021,"Feb 22, 2022 AMC","Nov 1, 2021",1.04,"1,301"
David MacDonald,Suntrust_82,FMS,Q4 2021,"Feb 23, 2022 BMO","Nov 2, 2021 35 days ago",0.48,"4,645"
David MacDonald,Suntrust_82,CYH,Q4 2021,"Feb 23, 2022 AMC","Oct 29, 2021",0.37,"3,117"
David MacDonald,Suntrust_82,TVTY,Q4 2021,"Feb 24, 2022 AMC","Nov 2, 2021 35 days ago",0.36,128
David MacDonald,Suntrust_82,THC,Q4 2021,"Feb 28, 2022 AMC","Oct 25, 2021 44 days ago",1.59,"5,032"
David MacDonald,Suntrust_82,AMED,Q4 2021,"Mar 1, 2022 AMC","Nov 3, 2021",1.18,556
David MacDonald,Suntrust_82,LHCG,Q4 2021,"Mar 2, 2022 AMC","Nov 4, 2021",1.33,582
David MacDonald,Suntrust_82,PNTG,Q4 2021,"Mar 9, 2022 BMO","Nov 9, 2021",0.15,101
David MacDonald,Suntrust_82,OPCH,Q4 2021,"Mar 10, 2022 BMO","Nov 4, 2021 33 days ago",0.21,921
David MacDonald,Suntrust_82,ONEM,Q4 2021,"Mar 23, 2022 AMC","Nov 8, 2021",,219
David MacDonald,Suntrust_82,WBA,Q2 2022,"Apr 5, 2022 BMO","Nov 15, 2021",1.39,"33,029"
David MacDonald,Suntrust_82,UNH,Q1 2022,"Apr 19, 2022 BMO","Dec 7, 2021",5.49,"78,684"
David MacDonald,Suntrust_82,DGX,Q1 2022,"Apr 21, 2022 BMO","Oct 25, 2021 44 days ago",1.94,"2,140"
David MacDonald,Suntrust_82,CNC,Q1 2022,"Apr 26, 2022 BMO","Oct 26, 2021",1.62,"32,778"
David MacDonald,Suntrust_82,HUM,Q1 2022,"Apr 27, 2022 BMO","Nov 10, 2021",7.3,"23,024"
David MacDonald,Suntrust_82,LH,Q1 2022,"Apr 27, 2022 BMO","Nov 1, 2021",4.09,"3,479"
David MacDonald,Suntrust_82,ANTM,Q1 2022,"Apr 27, 2022 BMO","Oct 20, 2021 48 days ago",7.71,"36,478"
David MacDonald,Suntrust_82,EHC,Q1 2022,"Apr 28, 2022 AMC","Nov 1, 2021",1.1,"1,312"
David MacDonald,Suntrust_82,TVTY,Q1 2022,"Apr 28, 2022 AMC","Nov 2, 2021 35 days ago",0.44,133
David MacDonald,Suntrust_82,MOH,Q1 2022,"May 2, 2022 AMC","Nov 1, 2021 37 days ago",4.92,"7,685"
David MacDonald,Suntrust_82,THC,Q1 2022,"May 2, 2022 AMC","Oct 25, 2021",1.39,"4,973"
David MacDonald,Suntrust_82,HCA,Q1 2022,"May 3, 2022 BMO","Oct 25, 2021 44 days ago",4.24,"14,896"
David MacDonald,Suntrust_82,CVS,Q1 2022,"May 3, 2022 BMO","Nov 8, 2021",2.04,"73,738"
David MacDonald,Suntrust_82,CYH,Q1 2022,"May 3, 2022 AMC","Oct 29, 2021 39 days ago",0.28,"3,076"
David MacDonald,Suntrust_82,AMED,Q1 2022,"May 3, 2022 AMC","Nov 3, 2021",1.28,570
David MacDonald,Suntrust_82,DVA,Q1 2022,"May 4, 2022 AMC","Nov 1, 2021",1.96,"2,897"
David MacDonald,Suntrust_82,LHCG,Q1 2022,"May 4, 2022 AMC","Nov 4, 2021",1.41,590
David MacDonald,Suntrust_82,MD,Q1 2022,"May 5, 2022 BMO","Nov 1, 2021",0.3,474
David MacDonald,Suntrust_82,FMS,Q1 2022,"May 5, 2022 BMO","Aug 20, 2021 109 days ago",0.43,"4,379"
David MacDonald,Suntrust_82,CI,Q1 2022,"May 6, 2022 BMO","Nov 8, 2021",5.17,"44,413"
David MacDonald,Suntrust_82,ENSG,Q1 2022,"May 10, 2022 AMC","Oct 29, 2021",0.93,686
David MacDonald,Suntrust_82,OPCH,Q1 2022,"May 12, 2022 BMO","Aug 3, 2021 126 days ago",0.14,885
David MacDonald,Suntrust_82,PNTG,Q1 2022,"May 18, 2022 AMC","Nov 9, 2021",0.15,108
David MacDonald,Suntrust_82,ONEM,Q1 2022,"May 18, 2022 AMC","Nov 8, 2021",,247
David MacDonald,Suntrust_82,WBA,Q3 2022,"Jun 30, 2022 BMO","Nov 15, 2021",1.16,"32,541"
David MacDonald,Suntrust_82,UNH,Q2 2022,"Jul 19, 2022 BMO","Dec 7, 2021",5.24,"79,334"
new_options,new_options,HRL,Q4 2021,"Dec 9, 2021 BMO","Nov 30, 2021",0.51,"3,244"
new_options,new_options,COST,Q1 2022,"Dec 9, 2021 AMC","Nov 14, 2021",2.64,"49,035"
new_options,new_options,MU,Q1 2022,"Dec 20, 2021 AMC","Nov 16, 2021",2.16,"7,704"
new_options,new_options,STZ,Q3 2022,"Jan 6, 2022 BMO","Nov 18, 2021",2.7,"2,284"
new_options,new_options,JPM,Q4 2021,"Jan 14, 2022 BMO","Nov 18, 2021",3.12,"29,718"
new_options,new_options,GS,Q4 2021,"Jan 18, 2022 BMO","Nov 18, 2021",12,"12,450"
new_options,new_options,NFLX,Q4 2021,"Jan 18, 2022 AMC","Nov 30, 2021",0.89,"7,750"
new_options,new_options,MS,Q4 2021,"Jan 20, 2022 BMO","Oct 10, 2021 59 days ago",1.8,"14,200"
new_options,new_options,HAL,Q4 2021,"Jan 24, 2022 BMO","Oct 17, 2021 52 days ago",0.37,"4,150"
new_options,new_options,LEA,Q4 2021,"Jan 27, 2022 BMO","Dec 2, 2021",1.27,"4,632"
new_options,new_options,BMY,Q4 2021,"Feb 4, 2022 BMO","Oct 25, 2021",1.95,"12,000"
new_options,new_options,SNAP,Q4 2021,"Feb 8, 2022 AMC","Oct 17, 2021 52 days ago",0.21,"1,450"
new_options,new_options,CSCO,Q2 2022,"Feb 16, 2022 AMC","Nov 11, 2021",0.85,"13,100"
new_options,new_options,HRL,Q1 2022,"Feb 24, 2022 BMO","Nov 30, 2021",0.5,"2,956"
new_options,new_options,DRQ,Q4 2021,"Mar 1, 2022 AMC","Oct 4, 2021 65 days ago",-0.04,95
new_options,new_options,BBY,Q4 2022,"Mar 2, 2022 BMO","Nov 11, 2021",2.9,"16,650"
new_options,new_options,COST,Q2 2022,"Mar 3, 2022 AMC","Nov 14, 2021",2.69,"50,103"
new_options,new_options,SPLK,Q4 2022,"Mar 3, 2022 AMC","Nov 14, 2021",0.12,832.98
new_options,new_options,AGEN,Q4 2021,"Mar 17, 2022 BMO","Oct 30, 2021",0.1,50
new_options,new_options,DOCU,Q4 2022,"Mar 17, 2022 AMC","Nov 14, 2021",0.42,581.33
new_options,new_options,MU,Q2 2022,"Mar 30, 2022 AMC","Nov 16, 2021",1.91,"7,360"
new_options,new_options,STZ,Q4 2022,"Apr 7, 2022 BMO","Nov 18, 2021",2.41,"2,039"
new_options,new_options,JPM,Q1 2022,"Apr 13, 2022 BMO","Nov 18, 2021",3.1,"30,833"
new_options,new_options,NFLX,Q1 2022,"Apr 18, 2022 AMC","Nov 30, 2021",3.59,"8,200"
new_options,new_options,GS,Q1 2022,"Apr 19, 2022 BMO","Nov 18, 2021",11.2,"13,000"
new_options,new_options,MS,Q1 2022,"Apr 20, 2022 BMO","Oct 10, 2021 59 days ago",1.85,"14,950"
new_options,new_options,HAL,Q1 2022,"Apr 25, 2022 BMO","Oct 17, 2021 52 days ago",0.4,"4,250"
new_options,new_options,SNAP,Q1 2022,"Apr 26, 2022 AMC","Oct 17, 2021 52 days ago",0.12,"1,275"
new_options,new_options,LEA,Q1 2022,"Apr 27, 2022 BMO","Dec 2, 2021",2.57,"5,302"
new_options,new_options,BMY,Q1 2022,"Apr 27, 2022 BMO","Oct 25, 2021",2.12,"12,000"
new_options,new_options,DRQ,Q1 2022,"Apr 28, 2022 BMO","Oct 4, 2021 65 days ago",-0.04,96
new_options,new_options,AGEN,Q1 2022,"May 12, 2022 BMO","Oct 30, 2021",-0.1,30
new_options,new_options,CSCO,Q3 2022,"May 18, 2022 AMC","Nov 11, 2021",0.89,"13,300"
new_options,new_options,BBY,Q1 2023,"May 26, 2022 BMO","Nov 11, 2021",2,"10,220"
new_options,new_options,HRL,Q2 2022,"May 26, 2022 BMO","Nov 30, 2021",0.52,"2,971"
new_options,new_options,SPLK,Q1 2023,"May 26, 2022 AMC","Nov 14, 2021",-0.79,611.83
new_options,new_options,COST,Q3 2022,"May 26, 2022 AMC","Nov 14, 2021",2.92,"48,650"
new_options,new_options,DOCU,Q1 2023,"Jun 9, 2022 AMC","Nov 14, 2021",0.53,609.68
new_options,new_options,STZ,Q1 2023,"Jun 30, 2022 BMO","Nov 18, 2021",2.86,"2,162"
new_options,new_options,MU,Q3 2022,"Jun 30, 2022 AMC","Nov 16, 2021",2.14,"8,006"
new_options,new_options,JPM,Q2 2022,"Jul 14, 2022 BMO","Nov 18, 2021",3.2,"30,840"
new_options,new_options,NFLX,Q2 2022,"Jul 18, 2022 AMC","Nov 30, 2021",3.69,"8,416"
new_options,new_options,GS,Q2 2022,"Jul 19, 2022 BMO","Nov 18, 2021",10.5,"12,450"
new_options,new_options,MS,Q2 2022,"Jul 20, 2022 BMO","Oct 10, 2021 59 days ago",1.75,"15,000"
new_options,new_options,HAL,Q2 2022,"Jul 25, 2022 BMO","Oct 17, 2021 52 days ago",0.42,"4,450"
new_options,new_options,BMY,Q2 2022,"Jul 27, 2022 BMO","Oct 25, 2021",2.12,"12,450"
new_options,new_options,DRQ,Q2 2022,"Jul 28, 2022 BMO","Oct 4, 2021 65 days ago",-0.06,96
new_options,new_options,LEA,Q2 2022,"Jul 28, 2022 BMO","Dec 2, 2021",3.67,"5,515"
new_options,new_options,SNAP,Q2 2022,"Aug 10, 2022 AMC","Oct 17, 2021 52 days ago",0.14,"1,450"
new_options,new_options,AGEN,Q2 2022,"Aug 11, 2022 BMO","Oct 30, 2021",-0.1,20
"Martin Yang, CFA",Oppenheimer_72,GLW,Q4 2021,"Feb 1, 2022 BMO","Oct 27, 2021",0.52,3.6
"Martin Yang, CFA",Oppenheimer_72,EA,Q3 2022,"Feb 1, 2022 AMC","Nov 4, 2021",3.15,2.63
"Martin Yang, CFA",Oppenheimer_72,AAPL,Q1 2022,"Feb 1, 2022 AMC","Oct 29, 2021",1.86,118.35
"Martin Yang, CFA",Oppenheimer_72,CEVA,Q4 2021,"Feb 2, 2022 BMO","Nov 10, 2021",0.2,
"Martin Yang, CFA",Oppenheimer_72,SONY,Q3 2021,"Feb 2, 2022 BMO","Oct 29, 2021",165.67,
"Martin Yang, CFA",Oppenheimer_72,GPRO,Q4 2021,"Feb 3, 2022 AMC","Nov 5, 2021",0.32,381.9
"Martin Yang, CFA",Oppenheimer_72,TTWO,Q3 2022,"Feb 9, 2022 AMC","Nov 4, 2021",0.98,
"Martin Yang, CFA",Oppenheimer_72,ZNGA,Q4 2021,"Feb 9, 2022 AMC","Nov 9, 2021",-0.06,
"Martin Yang, CFA",Oppenheimer_72,ATVI,Q4 2021,"Feb 10, 2022 AMC","Nov 3, 2021",1.3,
"Martin Yang, CFA",Oppenheimer_72,SYNA,Q2 2022,"Feb 10, 2022 AMC","Nov 5, 2021",3.12,405.27
"Martin Yang, CFA",Oppenheimer_72,OLED,Q4 2021,"Feb 24, 2022 AMC","Nov 5, 2021",0.89,
"Martin Yang, CFA",Oppenheimer_72,AMBA,Q4 2022,"Mar 3, 2022 AMC","Dec 1, 2021",0.43,90.32
"Martin Yang, CFA",Oppenheimer_72,SONY,Q4 2021,"Apr 29, 2022 BMO","Oct 29, 2021",98.71,
"Martin Yang, CFA",Oppenheimer_72,AAPL,Q2 2022,"May 3, 2022 AMC","Oct 29, 2021",1.33,89.96
"Martin Yang, CFA",Oppenheimer_72,ZNGA,Q1 2022,"May 4, 2022 AMC","Nov 9, 2021",0.01,
"Martin Yang, CFA",Oppenheimer_72,GPRO,Q1 2022,"May 5, 2022 AMC","Nov 5, 2021",0.09,234.8
"Martin Yang, CFA",Oppenheimer_72,EA,Q4 2022,"May 10, 2022 AMC","Nov 4, 2021",1.46,1.81
"Martin Yang, CFA",Oppenheimer_72,SYNA,Q3 2022,"May 12, 2022 AMC","Nov 5, 2021",2.63,377.26
"Martin Yang, CFA",Oppenheimer_72,TTWO,Q4 2022,"May 18, 2022 AMC","Nov 4, 2021",0.69,
"Martin Yang, CFA",Oppenheimer_72,AMBA,Q1 2023,"Jun 7, 2022 AMC","Dec 1, 2021",0.35,89.42
"Martin Yang, CFA",Oppenheimer_72,AAPL,Q3 2022,"Aug 2, 2022 AMC","Oct 29, 2021",1.16,79.34
"Martin Yang, CFA",Oppenheimer_72,ZNGA,Q2 2022,"Aug 3, 2022 AMC","Nov 9, 2021",0.01,
"Martin Yang, CFA",Oppenheimer_72,GPRO,Q2 2022,"Aug 4, 2022 AMC","Nov 5, 2021",0.17,285.2
"Martin Yang, CFA",Oppenheimer_72,SYNA,Q4 2022,"Aug 11, 2022 AMC","Nov 5, 2021",2.62,383.62
"Martin Yang, CFA",Oppenheimer_72,AMBA,Q2 2023,"Sep 1, 2022 AMC","Dec 1, 2021",0.4,94.79
"Martin Yang, CFA",Oppenheimer_72,ZNGA,Q3 2022,"Nov 2, 2022 AMC","Nov 9, 2021",0.01,
"Martin Yang, CFA",Oppenheimer_72,AAPL,Q4 2022,"Nov 3, 2022 AMC","Oct 29, 2021",1.42,94.74
"Martin Yang, CFA",Oppenheimer_72,GPRO,Q3 2022,"Nov 3, 2022 AMC","Nov 5, 2021",0.31,361.1
"Martin Yang, CFA",Oppenheimer_72,AMBA,Q3 2023,"Dec 1, 2022 AMC","Dec 1, 2021",0.54,108.06
"Martin Yang, CFA",Oppenheimer_72,GPRO,Q4 2022,"Feb 2, 2023 AMC","Nov 5, 2021",0.47,470.4
"Martin Yang, CFA",Oppenheimer_72,ZNGA,Q4 2022,"Feb 8, 2023 AMC","Nov 9, 2021",0.01,
"Martin Yang, CFA",Oppenheimer_72,AMBA,Q4 2023,"Mar 2, 2023 AMC","Dec 1, 2021",0.37,97.25
Analyst_8776243,Analyst_8776243,ORCL,Q2 2022,"Dec 9, 2021 AMC","Aug 13, 2021 116 days ago",1.12,"10,621"
Analyst_8776243,Analyst_8776243,WDFC,Q1 2022,"Jan 12, 2022 AMC","Oct 14, 2021 54 days ago",1.59,131.29
Analyst_8776243,Analyst_8776243,VZ,Q4 2021,"Jan 25, 2022 BMO","Oct 14, 2021 54 days ago",1.34,"35,297"
Analyst_8776243,Analyst_8776243,IIVI,Q2 2022,"Jan 25, 2022 BMO","Nov 14, 2021",0.96,825.46
Analyst_8776243,Analyst_8776243,ABT,Q4 2021,"Jan 26, 2022 BMO","Aug 13, 2021 116 days ago",1.16,"9,843"
Analyst_8776243,Analyst_8776243,INTC,Q4 2021,"Jan 26, 2022 AMC","Sep 30, 2021 68 days ago",1.15,"18,987"
Analyst_8776243,Analyst_8776243,URI,Q4 2021,"Jan 26, 2022 AMC","Nov 4, 2021",6.75,"2,785"
Analyst_8776243,Analyst_8776243,SWK,Q4 2021,"Jan 27, 2022 BMO","Nov 1, 2021",2.34,"4,476"
Analyst_8776243,Analyst_8776243,DOW,Q4 2021,"Jan 27, 2022 BMO","Oct 21, 2021 47 days ago",2.05,"13,453"
Analyst_8776243,Analyst_8776243,MSFT,Q2 2022,"Jan 27, 2022 AMC","Nov 4, 2021",2.4,"50,505"
Analyst_8776243,Analyst_8776243,SYF,Q4 2021,"Jan 28, 2022 BMO","Oct 19, 2021 49 days ago",1.65,"2,762"
Analyst_8776243,Analyst_8776243,CVX,Q4 2021,"Jan 28, 2022 BMO","Nov 4, 2021",2.65,"41,826"
Analyst_8776243,Analyst_8776243,ABBV,Q4 2021,"Jan 28, 2022 BMO","Oct 1, 2021 67 days ago",3.4,"16,001"
Analyst_8776243,Analyst_8776243,PFE,Q4 2021,"Feb 1, 2022 BMO","Oct 5, 2021 63 days ago",1.15,"23,687"
Analyst_8776243,Analyst_8776243,GLW,Q4 2021,"Feb 1, 2022 BMO","Aug 13, 2021 116 days ago",0.63,"3,660"
Analyst_8776243,Analyst_8776243,ILMN,Q4 2021,"Feb 1, 2022 AMC","Nov 8, 2021",1.09,"1,100"
Analyst_8776243,Analyst_8776243,AAPL,Q1 2022,"Feb 1, 2022 AMC","Oct 22, 2021 46 days ago",2.4,"132,411"
Analyst_8776243,Analyst_8776243,PYPL,Q4 2021,"Feb 2, 2022 AMC","Nov 15, 2021",1.23,"7,001"
Analyst_8776243,Analyst_8776243,MET,Q4 2021,"Feb 2, 2022 AMC","Oct 27, 2021",2.33,"18,615"
Analyst_8776243,Analyst_8776243,VLO,Q4 2021,"Feb 3, 2022 BMO","Oct 21, 2021 47 days ago",0.89,"26,862"
Analyst_8776243,Analyst_8776243,AMZN,Q4 2021,"Feb 3, 2022 AMC","Nov 13, 2021",3.95,"139,539"
Analyst_8776243,Analyst_8776243,PSX,Q4 2021,"Feb 4, 2022 BMO","Oct 1, 2021 67 days ago",0.73,"26,563"
Analyst_8776243,Analyst_8776243,BMY,Q4 2021,"Feb 4, 2022 BMO","Aug 13, 2021 116 days ago",1.96,"11,912"
Analyst_8776243,Analyst_8776243,ZNGA,Q4 2021,"Feb 9, 2022 AMC","Nov 1, 2021",0.11,726.9
Analyst_8776243,Analyst_8776243,PINS,Q4 2021,"Feb 10, 2022 AMC","Oct 7, 2021 61 days ago",0.62,940.46
Analyst_8776243,Analyst_8776243,TW,Q4 2021,"Feb 16, 2022 BMO","Nov 8, 2021",0.43,277.05
Analyst_8776243,Analyst_8776243,AMAT,Q1 2022,"Feb 16, 2022 AMC","Oct 22, 2021 46 days ago",1.99,"6,491"
Analyst_8776243,Analyst_8776243,CSCO,Q2 2022,"Feb 16, 2022 AMC","Aug 13, 2021 116 days ago",0.86,"12,985"
Analyst_8776243,Analyst_8776243,ZTS,Q4 2021,"Feb 17, 2022 BMO","Aug 13, 2021 116 days ago",1.26,"1,977"
Analyst_8776243,Analyst_8776243,WMT,Q4 2022,"Feb 17, 2022 BMO","Nov 15, 2021",1.45,"149,000"
Analyst_8776243,Analyst_8776243,DDOG,Q4 2021,"Feb 17, 2022 AMC","Nov 8, 2021",0.14,285
Analyst_8776243,Analyst_8776243,CGNX,Q4 2021,"Feb 17, 2022 AMC","Nov 11, 2021",0.29,234.64
Analyst_8776243,Analyst_8776243,NVDA,Q4 2022,"Feb 17, 2022 AMC","Aug 23, 2021 106 days ago",1.01,"6,963"
Analyst_8776243,Analyst_8776243,RGEN,Q4 2021,"Feb 24, 2022 BMO","Aug 13, 2021 116 days ago",1.04,196.14
Analyst_8776243,Analyst_8776243,ZIXI,Q4 2021,"Feb 24, 2022 BMO","Aug 13, 2021 116 days ago",0.16,66.85
Analyst_8776243,Analyst_8776243,DBX,Q4 2021,"Feb 24, 2022 AMC","Oct 14, 2021 54 days ago",0.37,565.21
Analyst_8776243,Analyst_8776243,ZS,Q2 2022,"Feb 24, 2022 AMC","Aug 9, 2021 120 days ago",0.14,212.41
Analyst_8776243,Analyst_8776243,AXON,Q4 2021,"Mar 1, 2022 AMC","Nov 19, 2021",0.2,203
Analyst_8776243,Analyst_8776243,OKTA,Q4 2022,"Mar 10, 2022 AMC","Nov 3, 2021",-0.25,354.48
Analyst_8776243,Analyst_8776243,VTRS,Q4 2021,"Mar 16, 2022 BMO","Oct 8, 2021 60 days ago",1.03,"4,562"
Analyst_8776243,Analyst_8776243,ORCL,Q3 2022,"Mar 17, 2022 AMC","Aug 13, 2021 116 days ago",1.19,"10,684"
Analyst_8776243,Analyst_8776243,WDFC,Q2 2022,"Apr 7, 2022 AMC","Oct 14, 2021 54 days ago",1.23,118.53
Analyst_8776243,Analyst_8776243,ABT,Q1 2022,"Apr 20, 2022 BMO","Aug 13, 2021 116 days ago",1.21,"9,423"
Analyst_8776243,Analyst_8776243,URI,Q1 2022,"Apr 20, 2022 AMC","Nov 4, 2021",4.82,"2,463"
Analyst_8776243,Analyst_8776243,DOW,Q1 2022,"Apr 21, 2022 BMO","Oct 21, 2021 47 days ago",1.56,"12,287"
Analyst_8776243,Analyst_8776243,SYF,Q1 2022,"Apr 22, 2022 BMO","Oct 19, 2021 49 days ago",1.66,"2,863"
Analyst_8776243,Analyst_8776243,VZ,Q1 2022,"Apr 22, 2022 BMO","Oct 14, 2021 54 days ago",1.36,"34,036"
Analyst_8776243,Analyst_8776243,SWK,Q1 2022,"Apr 22, 2022 BMO","Nov 1, 2021",2.77,"4,339"
Analyst_8776243,Analyst_8776243,GLW,Q1 2022,"Apr 26, 2022 BMO","Aug 13, 2021 116 days ago",0.65,"3,610"
Analyst_8776243,Analyst_8776243,ILMN,Q1 2022,"Apr 26, 2022 AMC","Nov 8, 2021",1.5,"1,112"
ICBEENI,ICBEENI,AVGO,Q4 2021,"Dec 9, 2021 AMC","Nov 13, 2021",7.76,"7,368"
ICBEENI,ICBEENI,COST,Q1 2022,"Dec 9, 2021 AMC","Nov 13, 2021",2.7,"49,000"
ICBEENI,ICBEENI,ORCL,Q2 2022,"Dec 9, 2021 AMC","Aug 26, 2021 103 days ago",1.18,"10,319"
ICBEENI,ICBEENI,LULU,Q3 2021,"Dec 9, 2021 AMC","Dec 2, 2021",1.5,"1,460"
ICBEENI,ICBEENI,ADBE,Q4 2021,"Dec 16, 2021 AMC","Nov 13, 2021",3.28,"4,134"
ICBEENI,ICBEENI,MU,Q1 2022,"Dec 20, 2021 AMC","Nov 13, 2021",2.14,"7,777"
ICBEENI,ICBEENI,JPM,Q4 2021,"Jan 14, 2022 BMO","Dec 1, 2021",3.06,"29,820"
ICBEENI,ICBEENI,NFLX,Q4 2021,"Jan 18, 2022 AMC","Dec 1, 2021",1.07,"7,755"
ICBEENI,ICBEENI,MCD,Q4 2021,"Jan 24, 2022 BMO","Dec 1, 2021",2.45,"6,112"
ICBEENI,ICBEENI,IBM,Q4 2021,"Jan 24, 2022 AMC","Sep 22, 2021 76 days ago",4.25,"21,390"
ICBEENI,ICBEENI,PG,Q2 2022,"Jan 25, 2022 BMO","Dec 1, 2021",1.7,"20,379"
ICBEENI,ICBEENI,MMM,Q4 2021,"Jan 25, 2022 BMO","Dec 1, 2021",2.27,"8,700"
ICBEENI,ICBEENI,BA,Q4 2021,"Jan 26, 2022 BMO","Dec 1, 2021",-0.15,"17,800"
ICBEENI,ICBEENI,ROK,Q1 2022,"Jan 26, 2022 BMO","Dec 1, 2021",1.92,"1,829"
ICBEENI,ICBEENI,INTC,Q4 2021,"Jan 26, 2022 AMC","Dec 1, 2021",1.01,"18,600"
ICBEENI,ICBEENI,URI,Q4 2021,"Jan 26, 2022 AMC","Sep 22, 2021 76 days ago",6.56,"2,750"
ICBEENI,ICBEENI,LRCX,Q2 2022,"Jan 26, 2022 AMC","Dec 3, 2021",8.54,"4,420"
ICBEENI,ICBEENI,XLNX,Q3 2022,"Jan 26, 2022 AMC","Dec 3, 2021",1.07,967
ICBEENI,ICBEENI,CAT,Q4 2021,"Jan 27, 2022 BMO","Dec 3, 2021",2.45,"13,300"
ICBEENI,ICBEENI,GE,Q4 2021,"Jan 27, 2022 BMO","Dec 4, 2021",0.82,"22,000"
ICBEENI,ICBEENI,SWKS,Q1 2022,"Jan 27, 2022 AMC","Nov 4, 2021",3.2,"1,500"
ICBEENI,ICBEENI,SBUX,Q1 2022,"Jan 27, 2022 AMC","Oct 28, 2021",1.06,"7,956"
ICBEENI,ICBEENI,MSFT,Q2 2022,"Jan 27, 2022 AMC","Dec 4, 2021",2.37,"51,900"
ICBEENI,ICBEENI,F,Q4 2021,"Jan 27, 2022 AMC","Dec 4, 2021",0.42,"42,500"
ICBEENI,ICBEENI,CVX,Q4 2021,"Jan 28, 2022 BMO","Nov 4, 2021",2.7,"43,500"
ICBEENI,ICBEENI,ABBV,Q4 2021,"Jan 28, 2022 BMO","Oct 28, 2021",3.42,"15,176"
ICBEENI,ICBEENI,PFE,Q4 2021,"Feb 1, 2022 BMO","Oct 28, 2021",0.97,"25,000"
ICBEENI,ICBEENI,XOM,Q4 2021,"Feb 1, 2022 BMO","Oct 28, 2021",1.55,"82,000"
ICBEENI,ICBEENI,UPS,Q4 2021,"Feb 1, 2022 BMO","Sep 28, 2021 70 days ago",3.15,"26,840"
ICBEENI,ICBEENI,GLW,Q4 2021,"Feb 1, 2022 BMO","Sep 28, 2021 70 days ago",0.64,"3,748"
ICBEENI,ICBEENI,LMT,Q4 2021,"Feb 1, 2022 BMO","Sep 28, 2021 70 days ago",7.28,"18,166"
ICBEENI,ICBEENI,AAPL,Q1 2022,"Feb 1, 2022 AMC","Oct 7, 2021 61 days ago",2,"123,300"
ICBEENI,ICBEENI,AMD,Q4 2021,"Feb 1, 2022 AMC","Sep 28, 2021 70 days ago",0.83,"4,600"
ICBEENI,ICBEENI,EPD,Q4 2021,"Feb 2, 2022 BMO","Jul 28, 2021 132 days ago",0.58,"9,600"
ICBEENI,ICBEENI,BABA,Q3 2022,"Feb 2, 2022 BMO","Nov 13, 2021",3.34,"42,500"
ICBEENI,ICBEENI,PYPL,Q4 2021,"Feb 2, 2022 AMC","Nov 4, 2021",1.34,"7,345"
ICBEENI,ICBEENI,EBAY,Q4 2021,"Feb 2, 2022 AMC","Sep 22, 2021 76 days ago",1.11,"3,000"
ICBEENI,ICBEENI,FB,Q4 2021,"Feb 2, 2022 AMC","Oct 7, 2021 61 days ago",4.51,"35,370"
ICBEENI,ICBEENI,TSLA,Q4 2021,"Feb 2, 2022 AMC","Sep 28, 2021 70 days ago",1.93,"15,800"
ICBEENI,ICBEENI,QCOM,Q1 2022,"Feb 2, 2022 AMC","Jul 28, 2021 133 days ago",2.64,"9,360"
ICBEENI,ICBEENI,GOOGL,Q4 2021,"Feb 2, 2022 AMC","Oct 7, 2021 61 days ago",27.03,"58,100"
ICBEENI,ICBEENI,MA,Q4 2021,"Feb 3, 2022 BMO","Jul 26, 2021 134 days ago",2.42,"5,300"
ICBEENI,ICBEENI,MRK,Q4 2021,"Feb 3, 2022 BMO","Oct 7, 2021 61 days ago",1.56,"12,510"
ICBEENI,ICBEENI,AMGN,Q4 2021,"Feb 3, 2022 AMC","Jul 31, 2021 129 days ago",4.27,"6,847"
ICBEENI,ICBEENI,V,Q1 2022,"Feb 3, 2022 AMC","Sep 28, 2021 70 days ago",1.81,"7,140"
ICBEENI,ICBEENI,AMZN,Q4 2021,"Feb 3, 2022 AMC","Oct 28, 2021",15,"148,000"
ICBEENI,ICBEENI,BMY,Q4 2021,"Feb 4, 2022 BMO","Sep 28, 2021 70 days ago",1.95,"12,330"
ICBEENI,ICBEENI,ADM,Q4 2021,"Feb 8, 2022 BMO","Oct 7, 2021 61 days ago",1.46,"20,340"
ICBEENI,ICBEENI,DIS,Q1 2022,"Feb 8, 2022 AMC","Nov 4, 2021",1.27,"20,920"
ICBEENI,ICBEENI,GILD,Q4 2021,"Feb 8, 2022 AMC","Oct 7, 2021 61 days ago",1.78,"6,404"
vak,vak,ADBE,Q4 2021,"Dec 16, 2021 AMC","Nov 19, 2021",3.22,"4,120"
vak,vak,NKE,Q2 2022,"Dec 20, 2021 AMC","Oct 31, 2021",0.65,"11,455"
vak,vak,UNH,Q4 2021,"Jan 18, 2022 BMO","Oct 14, 2021 55 days ago",4.65,"72,111"
vak,vak,ABT,Q4 2021,"Jan 26, 2022 BMO","Oct 20, 2021 48 days ago",1.49,"10,106"
vak,vak,ALLY,Q4 2021,"Feb 1, 2022 BMO","Oct 21, 2021 48 days ago",2.36,"2,189"
KenatRSF,KenatRSF,PYPL,Q4 2021,"Feb 2, 2022 AMC","Nov 11, 2021",1.11,"6,855"
KenatRSF,KenatRSF,DVN,Q4 2021,"Feb 15, 2022 AMC","Nov 9, 2021",1.21,"3,607"
KenatRSF,KenatRSF,BKI,Q4 2021,"Feb 16, 2022 BMO","Nov 9, 2021",0.63,379.61
Analyst_JPMac,Analyst_JPMac,LHX,Q4 2021,"Jan 27, 2022 BMO","Nov 11, 2021",3.22,"4,481"
Analyst_JPMac,Analyst_JPMac,ZBH,Q4 2021,"Feb 1, 2022 BMO","Nov 8, 2021",1.96,"2,063"
Analyst_JPMac,Analyst_JPMac,CMI,Q4 2021,"Feb 8, 2022 BMO","Nov 6, 2021",3.34,"5,901"
Analyst_JPMac,Analyst_JPMac,AKAM,Q4 2021,"Feb 15, 2022 AMC","Nov 15, 2021",1.47,914.8
Analyst_JPMac,Analyst_JPMac,VEEV,Q4 2022,"Mar 1, 2022 AMC","Dec 5, 2021",0.97,488.53
StatsJim,StatsJim,COST,Q1 2022,"Dec 9, 2021 AMC","Dec 3, 2021",2.55,"54,000"
StatsJim,StatsJim,AYI,Q1 2022,"Jan 12, 2022 BMO","Dec 3, 2021",2.65,890
StatsJim,StatsJim,GLW,Q4 2021,"Feb 1, 2022 BMO","Nov 15, 2021",0.57,"3,700"
StatsJim,StatsJim,TSLA,Q4 2021,"Feb 2, 2022 AMC","Nov 15, 2021",1.8,"15,600"
JC00955,JC00955,VVV,Q1 2022,"Feb 9, 2022 AMC","Dec 8, 2021",0.53,849.57
Reaver,Reaver,PG,Q2 2022,"Jan 25, 2022 BMO","Jan 20, 2021 322 days ago",1.6,"19,809"
Jake Bartlett,Suntrust_101,DRI,Q2 2022,"Dec 17, 2021 BMO","Sep 23, 2021 75 days ago",1.2,"2,243"
Jake Bartlett,Suntrust_101,MCD,Q4 2021,"Jan 24, 2022 BMO","Oct 27, 2021",2.29,"6,034"
Jake Bartlett,Suntrust_101,CMG,Q4 2021,"Feb 8, 2022 AMC","Oct 21, 2021 47 days ago",5.25,"1,957"
Jake Bartlett,Suntrust_101,QSR,Q4 2021,"Feb 14, 2022 BMO","Oct 25, 2021",0.73,"1,526"
Jake Bartlett,Suntrust_101,DENN,Q4 2021,"Feb 15, 2022 AMC","Nov 2, 2021",0.17,109
Jake Bartlett,Suntrust_101,CBRL,Q2 2022,"Feb 22, 2022 BMO","Nov 23, 2021",1.66,875
Jake Bartlett,Suntrust_101,TXRH,Q4 2021,"Feb 22, 2022 AMC","Oct 28, 2021",0.7,903
Jake Bartlett,Suntrust_101,DIN,Q4 2021,"Feb 23, 2022 BMO","Nov 4, 2021",1.25,235
Jake Bartlett,Suntrust_101,JACK,Q1 2022,"Feb 23, 2022 AMC","Nov 23, 2021",1.86,346
Jake Bartlett,Suntrust_101,WEN,Q4 2021,"Feb 24, 2022 BMO","Nov 10, 2021 27 days ago",0.16,460
Jake Bartlett,Suntrust_101,NDLS,Q4 2021,"Feb 24, 2022 AMC","Oct 27, 2021",0.1,124
Jake Bartlett,Suntrust_101,SHAK,Q4 2021,"Feb 28, 2022 AMC","Nov 4, 2021",-0.25,198
Jake Bartlett,Suntrust_101,TAST,Q4 2021,"Mar 2, 2022 BMO","Nov 10, 2021",-0.3,407
Jake Bartlett,Suntrust_101,WING,Q4 2021,"Mar 3, 2022 BMO","Nov 3, 2021",0.28,72
Jake Bartlett,Suntrust_101,LOCO,Q4 2021,"Mar 10, 2022 AMC","Nov 4, 2021",0.15,107
Jake Bartlett,Suntrust_101,DRI,Q3 2022,"Mar 24, 2022 BMO","Sep 23, 2021 75 days ago",2.3,"2,521"
Jake Bartlett,Suntrust_101,PLAY,Q4 2021,"Mar 29, 2022 AMC","Dec 7, 2021",0.68,386
Jake Bartlett,Suntrust_101,CMG,Q1 2022,"Apr 26, 2022 AMC","Oct 21, 2021 47 days ago",7.2,"2,050"
Jake Bartlett,Suntrust_101,QSR,Q1 2022,"May 2, 2022 BMO","Oct 25, 2021",0.7,"1,481"
Jake Bartlett,Suntrust_101,TXRH,Q1 2022,"May 2, 2022 AMC","Oct 28, 2021",1.03,992
Jake Bartlett,Suntrust_101,DENN,Q1 2022,"May 3, 2022 AMC","Nov 2, 2021",0.15,109
Jake Bartlett,Suntrust_101,MCD,Q1 2022,"May 4, 2022 BMO","Oct 27, 2021",2.32,"5,732"
Jake Bartlett,Suntrust_101,DIN,Q1 2022,"May 4, 2022 BMO","Nov 4, 2021",1.84,247
Jake Bartlett,Suntrust_101,WING,Q1 2022,"May 5, 2022 BMO","Nov 3, 2021",0.42,79.8
Jake Bartlett,Suntrust_101,LOCO,Q1 2022,"May 5, 2022 AMC","Nov 4, 2021",0.15,108
Jake Bartlett,Suntrust_101,SHAK,Q1 2022,"May 5, 2022 AMC","Nov 4, 2021",-0.01,235
Jake Bartlett,Suntrust_101,TAST,Q1 2022,"May 10, 2022 BMO","Nov 10, 2021",-0.17,411
Jake Bartlett,Suntrust_101,WEN,Q1 2022,"May 11, 2022 BMO","Nov 10, 2021",0.19,463
Jake Bartlett,Suntrust_101,NDLS,Q1 2022,"May 12, 2022 AMC","Oct 27, 2021",0.04,123
Jake Bartlett,Suntrust_101,JACK,Q2 2022,"May 18, 2022 AMC","Nov 23, 2021",1.52,264
Jake Bartlett,Suntrust_101,CBRL,Q3 2022,"May 24, 2022 BMO","Nov 23, 2021",1.68,802
Jake Bartlett,Suntrust_101,PLAY,Q1 2022,"Jun 7, 2022 AMC","Dec 7, 2021",1.47,448
Jake Bartlett,Suntrust_101,DRI,Q4 2022,"Jun 30, 2022 BMO","Sep 23, 2021 75 days ago",2.37,"2,540"
Jake Bartlett,Suntrust_101,MCD,Q2 2022,"Jul 26, 2022 BMO","Oct 27, 2021",2.73,"6,516"
Jake Bartlett,Suntrust_101,CMG,Q2 2022,"Jul 26, 2022 AMC","Oct 21, 2021 47 days ago",10.17,"2,169"
Jake Bartlett,Suntrust_101,TXRH,Q2 2022,"Aug 1, 2022 AMC","Oct 28, 2021",0.96,999
Jake Bartlett,Suntrust_101,DENN,Q2 2022,"Aug 2, 2022 AMC","Nov 2, 2021 35 days ago",0.19,113
Jake Bartlett,Suntrust_101,DIN,Q2 2022,"Aug 3, 2022 BMO","Nov 4, 2021",1.81,243
Jake Bartlett,Suntrust_101,QSR,Q2 2022,"Aug 3, 2022 BMO","Oct 25, 2021",0.81,"1,626"
Jake Bartlett,Suntrust_101,WING,Q2 2022,"Aug 4, 2022 BMO","Nov 3, 2021",0.49,84
Jake Bartlett,Suntrust_101,SHAK,Q2 2022,"Aug 4, 2022 AMC","Nov 4, 2021",0.16,254
Jake Bartlett,Suntrust_101,LOCO,Q2 2022,"Aug 4, 2022 AMC","Nov 4, 2021",0.25,117
Jake Bartlett,Suntrust_101,WEN,Q2 2022,"Aug 10, 2022 BMO","Nov 10, 2021 27 days ago",0.27,504
Jake Bartlett,Suntrust_101,JACK,Q3 2022,"Aug 10, 2022 AMC","Nov 23, 2021",1.88,281
Jake Bartlett,Suntrust_101,TAST,Q2 2022,"Aug 11, 2022 BMO","Nov 10, 2021",0.15,447
Jake Bartlett,Suntrust_101,NDLS,Q2 2022,"Aug 11, 2022 AMC","Oct 27, 2021 41 days ago",0.24,138
Jake Bartlett,Suntrust_101,PLAY,Q2 2022,"Sep 6, 2022 AMC","Dec 7, 2021",1.06,419
Jake Bartlett,Suntrust_101,CBRL,Q4 2022,"Sep 20, 2022 BMO","Nov 23, 2021",2.66,859
Jake Bartlett,Suntrust_101,DRI,Q1 2023,"Sep 22, 2022 BMO","Sep 23, 2021 75 days ago",2.09,"2,492"
Jake Bartlett,Suntrust_101,MCD,Q3 2022,"Oct 25, 2022 BMO","Oct 27, 2021",2.98,"6,610"
Analyst_3974749,Analyst_3974749,BBW,Q4 2021,"Feb 17, 2022 BMO","Oct 12, 2021 56 days ago",0.8,120
Analyst_3974749,Analyst_3974749,AMC,Q4 2021,"Mar 3, 2022 AMC","Nov 5, 2021",0.05,"1,300"
"Brian Bittner, CFA",Oppenheimer_14,DRI,Q2 2022,"Dec 17, 2021 BMO","Sep 24, 2021 75 days ago",1.46,
"Brian Bittner, CFA",Oppenheimer_14,MCD,Q4 2021,"Jan 24, 2022 BMO","Oct 27, 2021",2.35,
"Brian Bittner, CFA",Oppenheimer_14,SBUX,Q1 2022,"Jan 27, 2022 AMC","Oct 29, 2021",0.79,
"Brian Bittner, CFA",Oppenheimer_14,CMG,Q4 2021,"Feb 8, 2022 AMC","Oct 22, 2021 46 days ago",5.35,
"Brian Bittner, CFA",Oppenheimer_14,YUMC,Q4 2021,"Feb 9, 2022 AMC","Oct 28, 2021",0.21,
"Brian Bittner, CFA",Oppenheimer_14,YUM,Q4 2021,"Feb 10, 2022 BMO","Aug 26, 2021 104 days ago",1.18,
"Brian Bittner, CFA",Oppenheimer_14,QSR,Q4 2021,"Feb 14, 2022 BMO","Oct 26, 2021",0.65,
"Brian Bittner, CFA",Oppenheimer_14,PZZA,Q4 2021,"Feb 22, 2022 BMO","Nov 5, 2021",0.72,
"Brian Bittner, CFA",Oppenheimer_14,TXRH,Q4 2021,"Feb 22, 2022 AMC","Oct 29, 2021",0.68,
"Brian Bittner, CFA",Oppenheimer_14,CAKE,Q4 2021,"Feb 23, 2022 AMC","Nov 4, 2021",0.59,
"Brian Bittner, CFA",Oppenheimer_14,JACK,Q1 2022,"Feb 23, 2022 AMC","Nov 23, 2021",2.04,
"Brian Bittner, CFA",Oppenheimer_14,DPZ,Q4 2021,"Feb 24, 2022 BMO","Oct 14, 2021 54 days ago",4.21,
"Brian Bittner, CFA",Oppenheimer_14,WEN,Q4 2021,"Feb 24, 2022 BMO","Nov 11, 2021",0.14,
"Brian Bittner, CFA",Oppenheimer_14,BJRI,Q4 2021,"Feb 24, 2022 AMC","Oct 22, 2021 46 days ago",-0.07,
"Brian Bittner, CFA",Oppenheimer_14,WING,Q4 2021,"Mar 3, 2022 BMO","Jan 6, 2021 335 days ago",0.4,
"Brian Bittner, CFA",Oppenheimer_14,DRI,Q3 2022,"Mar 24, 2022 BMO","Sep 14, 2021 85 days ago",2.2,
"Brian Bittner, CFA",Oppenheimer_14,SBUX,Q2 2022,"Apr 28, 2022 AMC","Oct 29, 2021",0.72,
"Brian Bittner, CFA",Oppenheimer_14,QSR,Q1 2022,"May 2, 2022 BMO","Oct 26, 2021",0.67,
"Brian Bittner, CFA",Oppenheimer_14,TXRH,Q1 2022,"May 2, 2022 AMC","Oct 29, 2021",0.77,
"Brian Bittner, CFA",Oppenheimer_14,WEN,Q1 2022,"May 11, 2022 BMO","Nov 11, 2021",0.19,
"Brian Bittner, CFA",Oppenheimer_14,JACK,Q2 2022,"May 18, 2022 AMC","Nov 23, 2021",1.36,
"Brian Bittner, CFA",Oppenheimer_14,DRI,Q4 2022,"Jun 30, 2022 BMO","Sep 24, 2021 75 days ago",2.14,
"Brian Bittner, CFA",Oppenheimer_14,SBUX,Q3 2022,"Jul 28, 2022 AMC","Oct 29, 2021",0.96,
"Brian Bittner, CFA",Oppenheimer_14,TXRH,Q2 2022,"Aug 1, 2022 AMC","Oct 29, 2021",0.8,
"Brian Bittner, CFA",Oppenheimer_14,QSR,Q2 2022,"Aug 3, 2022 BMO","Oct 26, 2021",0.79,
"Brian Bittner, CFA",Oppenheimer_14,WEN,Q2 2022,"Aug 10, 2022 BMO","Nov 8, 2021",0.25,
"Brian Bittner, CFA",Oppenheimer_14,JACK,Q3 2022,"Aug 10, 2022 AMC","Nov 23, 2021",1.68,
"Brian Bittner, CFA",Oppenheimer_14,TXRH,Q3 2022,"Oct 31, 2022 AMC","Oct 29, 2021",0.9,
"Brian Bittner, CFA",Oppenheimer_14,QSR,Q3 2022,"Nov 1, 2022 BMO","Oct 26, 2021",0.88,
"Brian Bittner, CFA",Oppenheimer_14,SBUX,Q4 2022,"Nov 3, 2022 AMC","Oct 29, 2021",0.95,
"Brian Bittner, CFA",Oppenheimer_14,WEN,Q3 2022,"Nov 9, 2022 BMO","Nov 8, 2021",0.24,
"Brian Bittner, CFA",Oppenheimer_14,JACK,Q4 2022,"Nov 21, 2022 AMC","Nov 23, 2021",1.67,
"Brian Bittner, CFA",Oppenheimer_14,QSR,Q4 2022,"Feb 13, 2023 BMO","Oct 26, 2021",0.83,
"Brian Bittner, CFA",Oppenheimer_14,TXRH,Q4 2022,"Feb 21, 2023 AMC","Oct 29, 2021",0.83,
"Brian Bittner, CFA",Oppenheimer_14,WEN,Q4 2022,"Feb 23, 2023 BMO","Nov 11, 2021",0.23,
Analyst_6356544,Analyst_6356544,UNH,Q4 2021,"Jan 18, 2022 BMO","Oct 14, 2021 54 days ago",4.5,"71,539"
Analyst_4486047,Analyst_4486047,EDU,Q4 2021,"Dec 13, 2021 BMO","Sep 10, 2021 89 days ago",0.04,"1,127"
Jake Bartlett,Suntrust_41,DRI,Q2 2022,"Dec 17, 2021 BMO","Jun 25, 2020 530 days ago",0.9,"2,161"
Jake Bartlett,Suntrust_41,MCD,Q4 2021,"Jan 24, 2022 BMO","Jul 28, 2020 497 days ago",2.33,"5,677"
Jake Bartlett,Suntrust_41,CMG,Q4 2021,"Feb 8, 2022 AMC","Jul 22, 2020 503 days ago",6.63,"1,852"
Jake Bartlett,Suntrust_41,QSR,Q4 2021,"Feb 14, 2022 BMO","Jun 29, 2020 526 days ago",0.81,"1,587"
Jake Bartlett,Suntrust_41,DENN,Q4 2021,"Feb 15, 2022 AMC","Jul 28, 2020 497 days ago",0.17,110
Jake Bartlett,Suntrust_41,DIN,Q4 2021,"Feb 23, 2022 BMO","Jul 29, 2020 496 days ago",1.61,216
Jake Bartlett,Suntrust_41,WEN,Q4 2021,"Feb 24, 2022 BMO","May 6, 2020 580 days ago",0.18,457
Jake Bartlett,Suntrust_41,NDLS,Q4 2021,"Feb 24, 2022 AMC","Jun 17, 2020 538 days ago",0.1,125
Jake Bartlett,Suntrust_41,SHAK,Q4 2021,"Feb 28, 2022 AMC","Jul 30, 2020 495 days ago",-0.19,180
Jake Bartlett,Suntrust_41,TAST,Q4 2021,"Mar 2, 2022 BMO","Jun 16, 2020 539 days ago",-0.07,413
Jake Bartlett,Suntrust_41,WING,Q4 2021,"Mar 3, 2022 BMO","Jul 29, 2020 496 days ago",0.4,73
Jake Bartlett,Suntrust_41,LOCO,Q4 2021,"Mar 10, 2022 AMC","Jul 31, 2020 495 days ago",0.2,117
Jake Bartlett,Suntrust_41,DRI,Q3 2022,"Mar 24, 2022 BMO","Jun 25, 2020 530 days ago",1.89,"2,478"
Jake Bartlett,Suntrust_41,PLAY,Q4 2021,"Mar 29, 2022 AMC","Jun 12, 2020 544 days ago",0.09,328
Jake Bartlett,Suntrust_41,DIN,Q1 2022,"May 4, 2022 BMO","Jul 29, 2020 496 days ago",1.76,233
Jake Bartlett,Suntrust_41,WING,Q1 2022,"May 5, 2022 BMO","Jul 29, 2020 496 days ago",0.48,
Jake Bartlett,Suntrust_41,LOCO,Q1 2022,"May 5, 2022 AMC","Jul 31, 2020 495 days ago",0.19,118
Ali_Baba,Ali_Baba,IBM,Q4 2021,"Jan 24, 2022 AMC","Feb 25, 2021 285 days ago",4.32,"20,793"
Ali_Baba,Ali_Baba,GOOGL,Q4 2021,"Feb 2, 2022 AMC","May 17, 2021 204 days ago",26,"57,000"
Ali_Baba,Ali_Baba,TWTR,Q4 2021,"Feb 10, 2022 AMC","May 5, 2021 216 days ago",0.5,"1,600"
Ali_Baba,Ali_Baba,JMIA,Q4 2021,"Mar 1, 2022 BMO","Nov 17, 2021",-0.52,56.9
Ali_Baba,Ali_Baba,DLTR,Q4 2021,"Mar 2, 2022 BMO","Nov 17, 2021",1.82,"7,124"
Ali_Baba,Ali_Baba,TWTR,Q1 2022,"Apr 26, 2022 AMC","May 5, 2021 216 days ago",0.3,"1,360"
Ali_Baba,Ali_Baba,GOOGL,Q1 2022,"Apr 27, 2022 AMC","May 17, 2021 204 days ago",27,"57,000"
Ali_Baba,Ali_Baba,JMIA,Q1 2022,"May 17, 2022 BMO","Nov 17, 2021",-0.56,46
Ali_Baba,Ali_Baba,DLTR,Q1 2022,"May 26, 2022 BMO","Nov 17, 2021",1.61,"6,804"
Ali_Baba,Ali_Baba,JMIA,Q2 2022,"Aug 24, 2022 BMO","Nov 17, 2021",-0.44,52
Ali_Baba,Ali_Baba,DLTR,Q2 2022,"Aug 25, 2022 BMO","Nov 17, 2021",1.38,"6,719"
Ali_Baba,Ali_Baba,JMIA,Q3 2022,"Nov 15, 2022 BMO","Nov 17, 2021",-0.37,55
Options4Life,Options4Life,AVGO,Q4 2021,"Dec 9, 2021 AMC","Dec 8, 2021",7.77,"7,386"
Analyst_8237749,Analyst_8237749,NFLX,Q4 2021,"Jan 18, 2022 AMC","Oct 15, 2021 53 days ago",1.13,"7,674"
Fate,Fate,MHK,Q4 2021,"Feb 10, 2022 AMC","Nov 8, 2021",3.35,"2,800"
BirdT,BirdT,RH,Q3 2021,"Dec 8, 2021 AMC","Dec 7, 2021",6.57,976.95
BirdT,BirdT,MBUU,Q2 2022,"Feb 10, 2022 BMO","Nov 24, 2021",1.33,258.96
BirdT,BirdT,ALB,Q4 2021,"Feb 16, 2022 AMC","Nov 16, 2021",0.91,894.47
BirdT,BirdT,NIO,Q4 2021,"Mar 8, 2022 AMC","Nov 29, 2021",-0.09,"1,535"
tobiasleon,tobiasleon,GEF,Q4 2021,"Dec 8, 2021 AMC","Jun 9, 2021 182 days ago",1.23,"1,300"
tobiasleon,tobiasleon,JPM,Q4 2021,"Jan 14, 2022 BMO","Apr 12, 2021 239 days ago",3.1,"31,700"
tobiasleon,tobiasleon,MTG,Q4 2021,"Jan 20, 2022 AMC","May 3, 2021 218 days ago",0.48,317
tobiasleon,tobiasleon,ALLY,Q4 2021,"Feb 1, 2022 BMO","Apr 15, 2021 236 days ago",1.67,"2,050"
tobiasleon,tobiasleon,AAPL,Q1 2022,"Feb 1, 2022 AMC","Mar 28, 2021 254 days ago",1.69,"118,000"
tobiasleon,tobiasleon,BIP,Q4 2021,"Feb 2, 2022 BMO","May 5, 2021 216 days ago",0.7,"3,000"
tobiasleon,tobiasleon,PYPL,Q4 2021,"Feb 2, 2022 AMC","May 2, 2021 219 days ago",1.29,"7,250"
tobiasleon,tobiasleon,TSLA,Q4 2021,"Feb 2, 2022 AMC","Apr 19, 2021 233 days ago",1.31,"14,250"
tobiasleon,tobiasleon,DIS,Q1 2022,"Feb 8, 2022 AMC","May 12, 2021 209 days ago",1.2,"21,250"
tobiasleon,tobiasleon,CX,Q4 2021,"Feb 10, 2022 BMO","Apr 28, 2021 223 days ago",0.1,"3,575"
tobiasleon,tobiasleon,DVN,Q4 2021,"Feb 15, 2022 AMC","Apr 30, 2021 221 days ago",0.55,"2,450"
tobiasleon,tobiasleon,AMAT,Q1 2022,"Feb 16, 2022 AMC","May 18, 2021 203 days ago",1.63,"5,750"
tobiasleon,tobiasleon,GTLS,Q4 2021,"Feb 24, 2022 BMO","Apr 19, 2021 233 days ago",1.44,385
tobiasleon,tobiasleon,TRGP,Q4 2021,"Feb 24, 2022 BMO","May 5, 2021 216 days ago",0.38,"3,000"
tobiasleon,tobiasleon,BIDU,Q4 2021,"Feb 24, 2022 BMO","May 17, 2021 204 days ago",3.75,"5,500"
tobiasleon,tobiasleon,SEM,Q4 2021,"Feb 24, 2022 AMC","May 5, 2021 216 days ago",0.65,"1,500"
tobiasleon,tobiasleon,MTZ,Q4 2021,"Feb 24, 2022 AMC","May 5, 2021 216 days ago",1.6,"2,150"
tobiasleon,tobiasleon,SE,Q4 2021,"Mar 1, 2022 BMO","May 17, 2021 204 days ago",-0.28,"2,650"
tobiasleon,tobiasleon,GEF,Q1 2022,"Mar 2, 2022 AMC","Jun 9, 2021 182 days ago",0.79,"1,275"
tobiasleon,tobiasleon,SQ,Q4 2021,"Mar 2, 2022 AMC","May 3, 2021 218 days ago",0.43,"3,950"
AlejoRC,AlejoRC,JPM,Q4 2021,"Jan 14, 2022 BMO","Apr 14, 2021 237 days ago",2.82,"29,555"
AlejoRC,AlejoRC,ALLY,Q4 2021,"Feb 1, 2022 BMO","Apr 14, 2021 238 days ago",1.19,"1,800"
AlejoRC,AlejoRC,DIS,Q1 2022,"Feb 8, 2022 AMC","Mar 30, 2021 252 days ago",0.99,"20,475"
AlejoRC,AlejoRC,SE,Q4 2021,"Mar 1, 2022 BMO","Mar 30, 2021 252 days ago",-0.33,"2,640"
AlejoRC,AlejoRC,CRWD,Q4 2022,"Mar 24, 2022 AMC","Mar 28, 2021 254 days ago",0.11,369.8
Federico,Federico,GEF,Q4 2021,"Dec 8, 2021 AMC","Mar 29, 2021 253 days ago",1.08,"1,251"
Federico,Federico,CALM,Q2 2022,"Jan 7, 2022 AMC","Mar 29, 2021 254 days ago",0.25,369.44
Federico,Federico,JPM,Q4 2021,"Jan 14, 2022 BMO","Mar 29, 2021 253 days ago",2.62,"28,789"
Federico,Federico,MTG,Q4 2021,"Jan 20, 2022 AMC","Mar 29, 2021 253 days ago",0.46,305.08
Federico,Federico,ALLY,Q4 2021,"Feb 1, 2022 BMO","Mar 29, 2021 253 days ago",1.34,"1,892"
Federico,Federico,AAPL,Q1 2022,"Feb 1, 2022 AMC","Mar 29, 2021 253 days ago",1.74,"113,421"
Federico,Federico,PYPL,Q4 2021,"Feb 2, 2022 AMC","Mar 29, 2021 253 days ago",1.31,"7,219"
Federico,Federico,TSLA,Q4 2021,"Feb 2, 2022 AMC","Mar 29, 2021 253 days ago",1.46,"14,024"
Federico,Federico,DIS,Q1 2022,"Feb 8, 2022 AMC","Mar 29, 2021 253 days ago",1.24,"20,305"
Federico,Federico,CX,Q4 2021,"Feb 10, 2022 BMO","Mar 29, 2021 253 days ago",0.1,"3,489"
Federico,Federico,DVN,Q4 2021,"Feb 15, 2022 AMC","Mar 29, 2021 253 days ago",0.44,"2,393"
Federico,Federico,AMAT,Q1 2022,"Feb 16, 2022 AMC","Mar 29, 2021 253 days ago",1.52,"5,536"
Federico,Federico,GTLS,Q4 2021,"Feb 24, 2022 BMO","Mar 29, 2021 253 days ago",1.14,367.84
Federico,Federico,TRGP,Q4 2021,"Feb 24, 2022 BMO","Mar 29, 2021 253 days ago",0.35,"2,559"
Federico,Federico,BIDU,Q4 2021,"Feb 24, 2022 BMO","Mar 29, 2021 253 days ago",3.09,"5,377"
Federico,Federico,SEM,Q4 2021,"Feb 24, 2022 AMC","Mar 29, 2021 253 days ago",0.58,"1,470"
Federico,Federico,MTZ,Q4 2021,"Feb 24, 2022 AMC","Mar 29, 2021 253 days ago",1.5,"2,113"
Federico,Federico,SE,Q4 2021,"Mar 1, 2022 BMO","Mar 29, 2021 253 days ago",-0.43,"2,709"
Federico,Federico,GEF,Q1 2022,"Mar 2, 2022 AMC","Mar 29, 2021 253 days ago",0.77,"1,141"
Federico,Federico,SQ,Q4 2021,"Mar 2, 2022 AMC","Mar 29, 2021 253 days ago",0.43,"3,793"
Federico,Federico,CRWD,Q4 2022,"Mar 24, 2022 AMC","Mar 29, 2021 253 days ago",0.12,376.6
Federico,Federico,CALM,Q3 2022,"Mar 28, 2022 AMC","Mar 29, 2021 254 days ago",0.49,402.55
ED26,ED26,GEF,Q4 2021,"Dec 8, 2021 AMC","Mar 29, 2021 254 days ago",1.02,"1,241"
ED26,ED26,JPM,Q4 2021,"Jan 14, 2022 BMO","Mar 29, 2021 254 days ago",2.65,"28,779"
ED26,ED26,MTG,Q4 2021,"Jan 20, 2022 AMC","Mar 29, 2021 254 days ago",0.45,305.48
ED26,ED26,ALLY,Q4 2021,"Feb 1, 2022 BMO","Mar 29, 2021 254 days ago",1.26,"1,890"
ED26,ED26,AAPL,Q1 2022,"Feb 1, 2022 AMC","Mar 29, 2021 254 days ago",1.67,"113,921"
ED26,ED26,PYPL,Q4 2021,"Feb 2, 2022 AMC","Mar 29, 2021 254 days ago",1.27,"7,179"
ED26,ED26,TSLA,Q4 2021,"Feb 2, 2022 AMC","Mar 29, 2021 254 days ago",1.27,"13,884"
ED26,ED26,DIS,Q1 2022,"Feb 8, 2022 AMC","Mar 29, 2021 254 days ago",1.03,"20,405"
ED26,ED26,CX,Q4 2021,"Feb 10, 2022 BMO","Mar 29, 2021 254 days ago",0.08,"3,503"
ED26,ED26,DVN,Q4 2021,"Feb 15, 2022 AMC","Mar 29, 2021 254 days ago",0.53,"2,400"
ED26,ED26,AMAT,Q1 2022,"Feb 16, 2022 AMC","Mar 29, 2021 254 days ago",1.55,"5,565"
ED26,ED26,GTLS,Q4 2021,"Feb 24, 2022 BMO","Mar 29, 2021 254 days ago",1.22,367.54
ED26,ED26,TRGP,Q4 2021,"Feb 24, 2022 BMO","Mar 29, 2021 254 days ago",0.32,"2,582"
ED26,ED26,BIDU,Q4 2021,"Feb 24, 2022 BMO","Mar 29, 2021 254 days ago",3.22,"5,430"
ED26,ED26,SEM,Q4 2021,"Feb 24, 2022 AMC","Mar 29, 2021 254 days ago",0.59,"1,476"
ED26,ED26,MTZ,Q4 2021,"Feb 24, 2022 AMC","Mar 29, 2021 254 days ago",1.58,"2,103"
ED26,ED26,SE,Q4 2021,"Mar 1, 2022 BMO","Mar 29, 2021 254 days ago",-0.37,"2,706"
ED26,ED26,GEF,Q1 2022,"Mar 2, 2022 AMC","Mar 29, 2021 254 days ago",0.75,"1,167"
ED26,ED26,SQ,Q4 2021,"Mar 2, 2022 AMC","Mar 29, 2021 254 days ago",0.39,"3,806"
ED26,ED26,CRWD,Q4 2022,"Mar 24, 2022 AMC","Mar 29, 2021 254 days ago",0.12,366.7
Nicolas Zelada,NicolasZelada,GEF,Q4 2021,"Dec 8, 2021 AMC","Apr 1, 2021 250 days ago",1.05,"1,350"
Nicolas Zelada,NicolasZelada,COST,Q1 2022,"Dec 9, 2021 AMC","Apr 1, 2021 250 days ago",2.36,"45,113"
Nicolas Zelada,NicolasZelada,AYI,Q1 2022,"Jan 12, 2022 BMO","Apr 1, 2021 250 days ago",2.13,866.7
Nicolas Zelada,NicolasZelada,JPM,Q4 2021,"Jan 14, 2022 BMO","Apr 12, 2021 239 days ago",2.9,"30,456"
Nicolas Zelada,NicolasZelada,UNH,Q4 2021,"Jan 18, 2022 BMO","Apr 12, 2021 239 days ago",4.71,"71,998"
Nicolas Zelada,NicolasZelada,DAL,Q4 2021,"Jan 18, 2022 BMO","Apr 1, 2021 250 days ago",0.99,"9,182"
Nicolas Zelada,NicolasZelada,GS,Q4 2021,"Jan 18, 2022 BMO","Apr 1, 2021 250 days ago",8.01,"10,954"
Nicolas Zelada,NicolasZelada,BAC,Q4 2021,"Jan 18, 2022 BMO","Apr 1, 2021 250 days ago",0.7,"21,536"
Nicolas Zelada,NicolasZelada,UAL,Q4 2021,"Jan 18, 2022 AMC","Apr 1, 2021 250 days ago",1,"8,012"
Nicolas Zelada,NicolasZelada,MTG,Q4 2021,"Jan 20, 2022 AMC","Apr 1, 2021 250 days ago",0.44,307.88
Nicolas Zelada,NicolasZelada,STLD,Q4 2021,"Jan 24, 2022 AMC","Apr 1, 2021 250 days ago",1,"3,308"
Nicolas Zelada,NicolasZelada,BA,Q4 2021,"Jan 26, 2022 BMO","Apr 1, 2021 250 days ago",1.12,"25,780"
Nicolas Zelada,NicolasZelada,LUV,Q4 2021,"Jan 27, 2022 BMO","Apr 1, 2021 250 days ago",1.02,"4,936"
Nicolas Zelada,NicolasZelada,CLF,Q4 2021,"Jan 27, 2022 BMO","Apr 1, 2021 250 days ago",0.61,"4,463"
Nicolas Zelada,NicolasZelada,ALLY,Q4 2021,"Feb 1, 2022 BMO","Apr 1, 2021 250 days ago",1.27,"1,956"
Nicolas Zelada,NicolasZelada,PFE,Q4 2021,"Feb 1, 2022 BMO","Apr 1, 2021 250 days ago",1.22,"16,701"
Nicolas Zelada,NicolasZelada,AAPL,Q1 2022,"Feb 1, 2022 AMC","Apr 1, 2021 250 days ago",1.89,"118,828"
Nicolas Zelada,NicolasZelada,BIP,Q4 2021,"Feb 2, 2022 BMO","Apr 1, 2021 250 days ago",0.21,"1,201"
Nicolas Zelada,NicolasZelada,PYPL,Q4 2021,"Feb 2, 2022 AMC","Apr 1, 2021 250 days ago",1.41,"7,200"
Nicolas Zelada,NicolasZelada,TSLA,Q4 2021,"Feb 2, 2022 AMC","Apr 1, 2021 250 days ago",1.45,"15,059"
Nicolas Zelada,NicolasZelada,GOOGL,Q4 2021,"Feb 2, 2022 AMC","Apr 1, 2021 250 days ago",22.44,"56,036"
Nicolas Zelada,NicolasZelada,VLO,Q4 2021,"Feb 3, 2022 BMO","Apr 1, 2021 250 days ago",0.47,"23,503"
Nicolas Zelada,NicolasZelada,LLY,Q4 2021,"Feb 3, 2022 BMO","Apr 1, 2021 250 days ago",2.23,"7,360"
Nicolas Zelada,NicolasZelada,V,Q1 2022,"Feb 3, 2022 AMC","Apr 1, 2021 250 days ago",1.86,"6,800"
Nicolas Zelada,NicolasZelada,DIS,Q1 2022,"Feb 8, 2022 AMC","Apr 1, 2021 250 days ago",1.28,"22,690"
Nicolas Zelada,NicolasZelada,SPOT,Q4 2021,"Feb 9, 2022 BMO","Apr 1, 2021 250 days ago",-0.42,"3,000"
Nicolas Zelada,NicolasZelada,AZN,Q4 2021,"Feb 10, 2022 BMO","Apr 1, 2021 250 days ago",0.71,"8,869"
Nicolas Zelada,NicolasZelada,CX,Q4 2021,"Feb 10, 2022 BMO","Apr 1, 2021 250 days ago",0.1,"3,490"
Nicolas Zelada,NicolasZelada,TWTR,Q4 2021,"Feb 10, 2022 AMC","Apr 1, 2021 250 days ago",0.59,"1,692"
Nicolas Zelada,NicolasZelada,DVN,Q4 2021,"Feb 15, 2022 AMC","Apr 1, 2021 250 days ago",0.59,"2,588"
Nicolas Zelada,NicolasZelada,MAR,Q4 2021,"Feb 16, 2022 BMO","Apr 1, 2021 250 days ago",0.91,"3,901"
Nicolas Zelada,NicolasZelada,AMAT,Q1 2022,"Feb 16, 2022 AMC","Apr 1, 2021 250 days ago",1.65,"5,780"
Nicolas Zelada,NicolasZelada,LOPE,Q4 2021,"Feb 16, 2022 AMC","Apr 1, 2021 250 days ago",2.26,270.69
Nicolas Zelada,NicolasZelada,M,Q4 2021,"Feb 22, 2022 BMO","Apr 1, 2021 250 days ago",1.6,"7,628"
Nicolas Zelada,NicolasZelada,GTLS,Q4 2021,"Feb 24, 2022 BMO","Apr 1, 2021 250 days ago",1.27,375.36
Nicolas Zelada,NicolasZelada,TRGP,Q4 2021,"Feb 24, 2022 BMO","Apr 1, 2021 250 days ago",0.33,"2,604"
Nicolas Zelada,NicolasZelada,BIDU,Q4 2021,"Feb 24, 2022 BMO","Apr 1, 2021 250 days ago",3.36,"5,539"
Nicolas Zelada,NicolasZelada,MELI,Q4 2021,"Feb 24, 2022 AMC","Apr 1, 2021 250 days ago",0.45,"1,823"
Nicolas Zelada,NicolasZelada,SEM,Q4 2021,"Feb 24, 2022 AMC","Apr 1, 2021 250 days ago",0.6,"1,500"
Nicolas Zelada,NicolasZelada,MTZ,Q4 2021,"Feb 24, 2022 AMC","Apr 1, 2021 250 days ago",1.59,"2,208"
Nicolas Zelada,NicolasZelada,DELL,Q4 2022,"Feb 24, 2022 AMC","Apr 1, 2021 250 days ago",2.45,"26,948"
Nicolas Zelada,NicolasZelada,SE,Q4 2021,"Mar 1, 2022 BMO","Apr 1, 2021 250 days ago",-0.28,"2,780"
Nicolas Zelada,NicolasZelada,GEF,Q1 2022,"Mar 2, 2022 AMC","Apr 1, 2021 250 days ago",0.7,"1,200"
Nicolas Zelada,NicolasZelada,SQ,Q4 2021,"Mar 2, 2022 AMC","Apr 1, 2021 250 days ago",0.39,"3,946"
Nicolas Zelada,NicolasZelada,COST,Q2 2022,"Mar 3, 2022 AMC","Apr 1, 2021 250 days ago",2.67,"48,601"
Nicolas Zelada,NicolasZelada,NIO,Q4 2021,"Mar 8, 2022 AMC","Apr 1, 2021 250 days ago",0,"1,790"
Nicolas Zelada,NicolasZelada,MRNA,Q4 2021,"Mar 9, 2022 BMO","Apr 1, 2021 250 days ago",6.66,"4,900"
Nicolas Zelada,NicolasZelada,AYI,Q2 2022,"Apr 6, 2022 BMO","Apr 1, 2021 250 days ago",2.66,845.66
Analyst_5496200,Analyst_5496200,GEF,Q4 2021,"Dec 8, 2021 AMC","Mar 29, 2021 253 days ago",1.07,"1,251"
Analyst_5496200,Analyst_5496200,JPM,Q4 2021,"Jan 14, 2022 BMO","Mar 29, 2021 254 days ago",2.6,"28,929"
Analyst_5496200,Analyst_5496200,MTG,Q4 2021,"Jan 20, 2022 AMC","Mar 29, 2021 254 days ago",0.45,307
Analyst_5496200,Analyst_5496200,ALLY,Q4 2021,"Feb 1, 2022 BMO","Mar 29, 2021 254 days ago",1.26,"1,910"
Analyst_5496200,Analyst_5496200,AAPL,Q1 2022,"Feb 1, 2022 AMC","Mar 29, 2021 253 days ago",1.79,"119,153"
Analyst_5496200,Analyst_5496200,PYPL,Q4 2021,"Feb 2, 2022 AMC","Mar 29, 2021 253 days ago",1.3,"7,190"
Analyst_5496200,Analyst_5496200,TSLA,Q4 2021,"Feb 2, 2022 AMC","Mar 29, 2021 253 days ago",1.24,"13,550"
Analyst_5496200,Analyst_5496200,DIS,Q1 2022,"Feb 8, 2022 AMC","Mar 29, 2021 253 days ago",0.8,"16,650"
Analyst_5496200,Analyst_5496200,CX,Q4 2021,"Feb 10, 2022 BMO","Mar 29, 2021 253 days ago",0.09,"3,470"
Analyst_5496200,Analyst_5496200,DVN,Q4 2021,"Feb 15, 2022 AMC","Mar 29, 2021 253 days ago",0.53,"2,401"
Analyst_5496200,Analyst_5496200,AMAT,Q1 2022,"Feb 16, 2022 AMC","Mar 29, 2021 253 days ago",1.44,"5,469"
Analyst_5496200,Analyst_5496200,GTLS,Q4 2021,"Feb 24, 2022 BMO","Mar 29, 2021 253 days ago",1.19,357
Analyst_5496200,Analyst_5496200,TRGP,Q4 2021,"Feb 24, 2022 BMO","Mar 29, 2021 253 days ago",0.29,"3,050"
Analyst_5496200,Analyst_5496200,BIDU,Q4 2021,"Feb 24, 2022 BMO","Mar 29, 2021 253 days ago",3.34,"5,396"
Analyst_5496200,Analyst_5496200,SEM,Q4 2021,"Feb 24, 2022 AMC","Mar 29, 2021 253 days ago",0.55,"1,468"
Analyst_5496200,Analyst_5496200,MTZ,Q4 2021,"Feb 24, 2022 AMC","Mar 29, 2021 253 days ago",1.37,"2,106"
Analyst_5496200,Analyst_5496200,SE,Q4 2021,"Mar 1, 2022 BMO","Mar 29, 2021 253 days ago",-0.44,"2,670"
Analyst_5496200,Analyst_5496200,GEF,Q1 2022,"Mar 2, 2022 AMC","Mar 29, 2021 253 days ago",0.83,"1,156"
Analyst_5496200,Analyst_5496200,SQ,Q4 2021,"Mar 2, 2022 AMC","Mar 29, 2021 253 days ago",0.42,"3,950"
Analyst_5496200,Analyst_5496200,CRWD,Q4 2022,"Mar 24, 2022 AMC","Mar 29, 2021 254 days ago",0.26,390
ALVelazquez,ALVelazquez,JPM,Q4 2021,"Jan 14, 2022 BMO","Apr 4, 2021 247 days ago",2.73,"29,009"
ALVelazquez,ALVelazquez,MTG,Q4 2021,"Jan 20, 2022 AMC","Apr 4, 2021 247 days ago",0.47,310
ALVelazquez,ALVelazquez,ALLY,Q4 2021,"Feb 1, 2022 BMO","Apr 6, 2021 245 days ago",1.23,"1,950"
ALVelazquez,ALVelazquez,AAPL,Q1 2022,"Feb 1, 2022 AMC","Apr 4, 2021 247 days ago",1.75,"125,000"
ALVelazquez,ALVelazquez,PYPL,Q4 2021,"Feb 2, 2022 AMC","Apr 4, 2021 247 days ago",1.35,"7,250"
ALVelazquez,ALVelazquez,GTLS,Q4 2021,"Feb 24, 2022 BMO","Apr 4, 2021 247 days ago",1.25,390
guillermop92,guillermop92,GEF,Q4 2021,"Dec 8, 2021 AMC","Apr 6, 2021 245 days ago",1.07,"1,240"
guillermop92,guillermop92,JPM,Q4 2021,"Jan 14, 2022 BMO","Apr 6, 2021 245 days ago",2.8,"31,200"
guillermop92,guillermop92,MTG,Q4 2021,"Jan 20, 2022 AMC","Apr 8, 2021 244 days ago",0.44,305
guillermop92,guillermop92,SBUX,Q1 2022,"Jan 27, 2022 AMC","Mar 29, 2021 253 days ago",0.8,"7,703"
guillermop92,guillermop92,ALLY,Q4 2021,"Feb 1, 2022 BMO","Mar 31, 2021 251 days ago",1.3,"1,779"
guillermop92,guillermop92,AAPL,Q1 2022,"Feb 1, 2022 AMC","Mar 31, 2021 251 days ago",1.76,"117,182"
guillermop92,guillermop92,BIP,Q4 2021,"Feb 2, 2022 BMO","Apr 6, 2021 245 days ago",0.19,"1,165"
guillermop92,guillermop92,PYPL,Q4 2021,"Feb 2, 2022 AMC","Mar 31, 2021 251 days ago",1.29,"7,169"
guillermop92,guillermop92,TSLA,Q4 2021,"Feb 2, 2022 AMC","Mar 31, 2021 251 days ago",1.16,"12,683"
guillermop92,guillermop92,DIS,Q1 2022,"Feb 8, 2022 AMC","Mar 31, 2021 251 days ago",1.24,"21,039"
guillermop92,guillermop92,CX,Q4 2021,"Feb 10, 2022 BMO","Mar 31, 2021 251 days ago",0.09,"3,601"
guillermop92,guillermop92,DVN,Q4 2021,"Feb 15, 2022 AMC","Mar 31, 2021 251 days ago",0.54,"2,771"
guillermop92,guillermop92,AMAT,Q1 2022,"Feb 16, 2022 AMC","Mar 31, 2021 251 days ago",1.51,"5,475"
guillermop92,guillermop92,GTLS,Q4 2021,"Feb 24, 2022 BMO","Mar 31, 2021 251 days ago",0.88,326.65
guillermop92,guillermop92,TRGP,Q4 2021,"Feb 24, 2022 BMO","Apr 6, 2021 245 days ago",0.36,"2,703"
guillermop92,guillermop92,BIDU,Q4 2021,"Feb 24, 2022 BMO","Apr 6, 2021 245 days ago",3.09,"5,320"
guillermop92,guillermop92,SEM,Q4 2021,"Feb 24, 2022 AMC","Apr 6, 2021 245 days ago",0.54,"1,455"
guillermop92,guillermop92,MTZ,Q4 2021,"Feb 24, 2022 AMC","Apr 6, 2021 245 days ago",1.52,"2,100"
guillermop92,guillermop92,SE,Q4 2021,"Mar 1, 2022 BMO","Mar 31, 2021 251 days ago",-0.51,"2,598"
guillermop92,guillermop92,GEF,Q1 2022,"Mar 2, 2022 AMC","Apr 6, 2021 245 days ago",0.8,"1,100"
guillermop92,guillermop92,SQ,Q4 2021,"Mar 2, 2022 AMC","Mar 31, 2021 251 days ago",0.22,"3,567"
francescozunino,francescozunino,TWTR,Q4 2021,"Feb 10, 2022 AMC","Nov 24, 2021",0.38,"1,688"
Analyst_8096201,Analyst_8096201,RH,Q3 2021,"Dec 8, 2021 AMC","Jun 19, 2021 172 days ago",6.15,955
Analyst_8096201,Analyst_8096201,MSFT,Q2 2022,"Jan 27, 2022 AMC","Oct 8, 2021 60 days ago",2.75,"51,900"
Analyst_8096201,Analyst_8096201,AAPL,Q1 2022,"Feb 1, 2022 AMC","Oct 8, 2021 60 days ago",2.2,"125,500"
Analyst_8096201,Analyst_8096201,FB,Q4 2021,"Feb 2, 2022 AMC","Oct 8, 2021 60 days ago",5.25,"36,500"
Analyst_8096201,Analyst_8096201,TSLA,Q4 2021,"Feb 2, 2022 AMC","Oct 8, 2021 60 days ago",2.25,"16,500"
Analyst_8096201,Analyst_8096201,GOOGL,Q4 2021,"Feb 2, 2022 AMC","Oct 8, 2021 60 days ago",31.3,"62,400"
Analyst_8096201,Analyst_8096201,ALGN,Q4 2021,"Feb 3, 2022 AMC","Oct 8, 2021 61 days ago",3.15,"1,060"
Analyst_8096201,Analyst_8096201,AMZN,Q4 2021,"Feb 3, 2022 AMC","May 23, 2021 198 days ago",12.5,"115,000"
Analyst_8096201,Analyst_8096201,COIN,Q4 2021,"Feb 10, 2022 AMC","Oct 8, 2021 61 days ago",1.95,"1,650"
Analyst_8096201,Analyst_8096201,OXY,Q4 2021,"Feb 15, 2022 AMC","Oct 8, 2021 61 days ago",0.66,"6,350"
Analyst_8096201,Analyst_8096201,AMAT,Q1 2022,"Feb 16, 2022 AMC","Jul 18, 2021 142 days ago",1.95,"6,300"
Analyst_8096201,Analyst_8096201,NVDA,Q4 2022,"Feb 17, 2022 AMC","Jul 18, 2021 142 days ago",0.81,"6,320"
Analyst_8096201,Analyst_8096201,ZM,Q4 2022,"Mar 9, 2022 AMC","Oct 8, 2021 61 days ago",1.2,"1,155"
Analyst_8096201,Analyst_8096201,DOCU,Q4 2022,"Mar 17, 2022 AMC","Oct 8, 2021 60 days ago",0.48,595
Analyst_8096201,Analyst_8096201,RH,Q4 2021,"Mar 29, 2022 AMC","Jun 19, 2021 172 days ago",5.95,905
Analyst_8096201,Analyst_8096201,GOOGL,Q1 2022,"Apr 27, 2022 AMC","Oct 8, 2021 60 days ago",29.25,"59,500"
Analyst_8096201,Analyst_8096201,ALGN,Q1 2022,"Apr 27, 2022 AMC","Oct 8, 2021 61 days ago",3.3,"1,125"
Analyst_8096201,Analyst_8096201,FB,Q1 2022,"Apr 27, 2022 AMC","Oct 8, 2021 60 days ago",5.1,"34,500"
Analyst_8096201,Analyst_8096201,AMZN,Q1 2022,"Apr 28, 2022 AMC","May 23, 2021 198 days ago",14.5,"120,000"
Analyst_8096201,Analyst_8096201,MSFT,Q3 2022,"Apr 28, 2022 AMC","Oct 8, 2021 60 days ago",2.95,"51,500"
Analyst_8096201,Analyst_8096201,AAPL,Q2 2022,"May 3, 2022 AMC","Oct 8, 2021 60 days ago",1.65,"95,500"
Analyst_8096201,Analyst_8096201,TSLA,Q1 2022,"May 4, 2022 AMC","Oct 8, 2021 60 days ago",2.15,"17,750"
Analyst_8096201,Analyst_8096201,OXY,Q1 2022,"May 5, 2022 AMC","Oct 8, 2021 61 days ago",0.61,"6,125"
Analyst_8096201,Analyst_8096201,NVDA,Q1 2023,"May 12, 2022 AMC","Jul 18, 2021 142 days ago",0.74,"6,150"
Analyst_8096201,Analyst_8096201,COIN,Q1 2022,"May 12, 2022 AMC","Oct 8, 2021 61 days ago",2.1,"1,750"
Analyst_8096201,Analyst_8096201,AMAT,Q2 2022,"May 19, 2022 AMC","Jul 18, 2021 142 days ago",2,"6,450"
Analyst_8096201,Analyst_8096201,RH,Q1 2022,"Jun 8, 2022 AMC","Jun 19, 2021 172 days ago",5.85,825
Analyst_8096201,Analyst_8096201,ZM,Q1 2023,"Jun 8, 2022 AMC","Oct 8, 2021 61 days ago",1.2,"1,250"
Analyst_8096201,Analyst_8096201,DOCU,Q1 2023,"Jun 9, 2022 AMC","Oct 8, 2021 60 days ago",0.53,610
Tom Telford,upandtotheright,CIEN,Q4 2021,"Dec 9, 2021 BMO","Sep 8, 2021 90 days ago",0.91,"1,035"
Tom Telford,upandtotheright,AVGO,Q4 2021,"Dec 9, 2021 AMC","Sep 8, 2021 90 days ago",7.79,"7,410"
Tom Telford,upandtotheright,NFLX,Q4 2021,"Jan 18, 2022 AMC","Nov 11, 2021",0.89,"7,774"
Tom Telford,upandtotheright,INTC,Q4 2021,"Jan 26, 2022 AMC","Nov 11, 2021",0.97,"18,380"
Tom Telford,upandtotheright,AAPL,Q1 2022,"Feb 1, 2022 AMC","Nov 10, 2021",2,"119,240"
Tom Telford,upandtotheright,FB,Q4 2021,"Feb 2, 2022 AMC","Nov 11, 2021",3.88,"33,406"
Tom Telford,upandtotheright,GOOGL,Q4 2021,"Feb 2, 2022 AMC","Nov 11, 2021",30.32,"59,470"
Tom Telford,upandtotheright,FN,Q2 2022,"Feb 7, 2022 AMC","Nov 11, 2021",1.52,558.2
Tom Telford,upandtotheright,RDWR,Q4 2021,"Feb 9, 2022 BMO","Nov 16, 2021",0.25,76.4
Tom Telford,upandtotheright,SEDG,Q4 2021,"Feb 16, 2022 AMC","Nov 11, 2021",1.37,555.07
Tom Telford,upandtotheright,NVDA,Q4 2022,"Feb 17, 2022 AMC","Nov 23, 2021",1.22,"7,514"
Tom Telford,upandtotheright,CRM,Q4 2022,"Mar 1, 2022 AMC","Dec 1, 2021",0.79,"7,295"
Analyst_9138660,Analyst_9138660,ORCL,Q2 2022,"Dec 9, 2021 AMC","Dec 3, 2021",1.17,"10,306"
Analyst_9138660,Analyst_9138660,ADBE,Q4 2021,"Dec 16, 2021 AMC","Nov 17, 2021",3.33,"4,131"
Analyst_9138660,Analyst_9138660,NKE,Q2 2022,"Dec 20, 2021 AMC","Nov 2, 2021",0.66,"11,425"
Analyst_9138660,Analyst_9138660,GOOGL,Q4 2021,"Feb 2, 2022 AMC","Oct 25, 2021",28.52,"60,049"
djh,djh,TSM,Q4 2021,"Jan 13, 2022 BMO","Nov 3, 2021",1.12,"15,700"
djh,djh,NFLX,Q4 2021,"Jan 18, 2022 AMC","Oct 20, 2021 49 days ago",0.8,"7,700"
djh,djh,DOCS,Q3 2022,"Jan 28, 2022 AMC","Nov 9, 2021",0.2,87
djh,djh,IPGP,Q4 2021,"Feb 15, 2022 BMO","Nov 19, 2021",1.3,360
djh,djh,RBLX,Q4 2021,"Feb 24, 2022 AMC","Nov 10, 2021",-0.1,600
djh,djh,PTRA,Q4 2021,"Feb 25, 2022 AMC","Nov 12, 2021",0.01,70
DK321722,DK321722,ITGR,Q4 2021,"Feb 24, 2022 BMO","Feb 24, 2020 653 days ago",1.51,348.1
NR802552,NR802552,SYK,Q4 2021,"Jan 25, 2022 AMC","Mar 5, 2020 643 days ago",3.04,"4,741"
NR802552,NR802552,ZBH,Q4 2021,"Feb 1, 2022 BMO","Mar 5, 2020 643 days ago",2.57,"2,255"
NR802552,NR802552,ALGN,Q4 2021,"Feb 3, 2022 AMC","Mar 5, 2020 643 days ago",2.72,
NR802552,NR802552,ITGR,Q4 2021,"Feb 24, 2022 BMO","Mar 5, 2020 643 days ago",1.51,348.1
Analyst_3670895,Analyst_3670895,GOOGL,Q4 2021,"Feb 2, 2022 AMC","Oct 24, 2021",25.7,"58,349"
Analyst_3670895,Analyst_3670895,GOOGL,Q1 2022,"Apr 27, 2022 AMC","Oct 24, 2021",24.12,"54,717"
Analyst_3670895,Analyst_3670895,GOOGL,Q2 2022,"Jul 28, 2022 AMC","Oct 24, 2021",25.89,"58,384"
Analyst_193763,Analyst_193763,PYPL,Q4 2021,"Feb 2, 2022 AMC","Nov 22, 2021",1.11,"6,800"
Analyst_193763,Analyst_193763,AMZN,Q4 2021,"Feb 3, 2022 AMC","Nov 12, 2021",4.5,"138,000"
Analyst_193763,Analyst_193763,NVDA,Q4 2022,"Feb 17, 2022 AMC","Nov 22, 2021",1.05,"7,392"
Leigh Drogen,LDrogen,ABNB,Q4 2021,"Feb 24, 2022 AMC","Apr 30, 2021 221 days ago",0.31,"1,450"
Leigh Drogen,LDrogen,DOCU,Q4 2022,"Mar 17, 2022 AMC","Jun 12, 2021 179 days ago",0.56,616
Leigh Drogen,LDrogen,DOCU,Q1 2023,"Jun 9, 2022 AMC","Jun 12, 2021 179 days ago",0.63,658
Analyst_9402829,Analyst_9402829,NFLX,Q4 2021,"Jan 18, 2022 AMC","Aug 2, 2021 127 days ago",1.13,"7,680"
Analyst_9402829,Analyst_9402829,X,Q4 2021,"Feb 2, 2022 AMC","Aug 2, 2021 127 days ago",3.25,"4,933"
Analyst_9402829,Analyst_9402829,AMZN,Q4 2021,"Feb 3, 2022 AMC","Aug 2, 2021 127 days ago",12.87,"143,630"
Analyst_9402829,Analyst_9402829,SQ,Q4 2021,"Mar 2, 2022 AMC","Aug 2, 2021 127 days ago",0.46,"4,955"
Analyst_9402829,Analyst_9402829,NFLX,Q1 2022,"Apr 18, 2022 AMC","Aug 2, 2021 127 days ago",3.45,"8,169"
Analyst_9402829,Analyst_9402829,X,Q1 2022,"Apr 26, 2022 AMC","Aug 2, 2021 127 days ago",2.1,"4,348"
Analyst_9402829,Analyst_9402829,AMZN,Q1 2022,"Apr 28, 2022 AMC","Aug 2, 2021 127 days ago",17.26,"125,767"
Analyst_9402829,Analyst_9402829,SQ,Q1 2022,"May 4, 2022 AMC","Aug 2, 2021 127 days ago",0.45,"5,175"
Analyst_9402829,Analyst_9402829,NFLX,Q2 2022,"Jul 18, 2022 AMC","Aug 2, 2021 127 days ago",3.56,"8,461"
Analyst_9402829,Analyst_9402829,X,Q2 2022,"Jul 26, 2022 AMC","Aug 2, 2021 127 days ago",1.45,"4,033"
Analyst_9402829,Analyst_9402829,AMZN,Q2 2022,"Jul 28, 2022 AMC","Aug 2, 2021 127 days ago",16.86,"133,651"
Analyst_9402829,Analyst_9402829,SQ,Q2 2022,"Aug 3, 2022 AMC","Aug 2, 2021 127 days ago",0.5,"5,560"
Vladimir Solodukhin,SOLO,CIEN,Q4 2021,"Dec 9, 2021 BMO","Dec 8, 2021",0.91,"1,052"
Vladimir Solodukhin,SOLO,AVGO,Q4 2021,"Dec 9, 2021 AMC","Dec 2, 2021",7.88,"7,465"
Vladimir Solodukhin,SOLO,ASML,Q4 2021,"Jan 19, 2022 BMO","Oct 20, 2021 49 days ago",4.65,"6,220"
Vladimir Solodukhin,SOLO,LITE,Q2 2022,"Feb 8, 2022 BMO","Nov 4, 2021",1.52,445
Vladimir Solodukhin,SOLO,IT,Q4 2021,"Feb 8, 2022 BMO","Nov 2, 2021",2.01,"1,214"
Vladimir Solodukhin,SOLO,HPE,Q1 2022,"Feb 24, 2022 AMC","Dec 5, 2021",0.47,"7,069"
Vladimir Solodukhin,SOLO,MRVL,Q4 2022,"Mar 10, 2022 AMC","Dec 3, 2021",0.49,"1,279"
Vladimir Solodukhin,SOLO,WSM,Q4 2021,"Mar 16, 2022 AMC","Nov 24, 2021",4.72,"2,620"
Bob Ya,Analyst_153032,ADBE,Q4 2021,"Dec 16, 2021 AMC","Oct 13, 2021 55 days ago",3.26,"4,150"
Bob Ya,Analyst_153032,AMAT,Q1 2022,"Feb 16, 2022 AMC","Dec 7, 2021",1.91,"6,348"
Bob Ya,Analyst_153032,RBLX,Q4 2021,"Feb 24, 2022 AMC","Nov 29, 2021",0.03,790.13
Bob Ya,Analyst_153032,CROX,Q4 2021,"Mar 2, 2022 BMO","Dec 7, 2021",1.42,565.99
Bob Ya,Analyst_153032,MRNA,Q4 2021,"Mar 9, 2022 BMO","Dec 7, 2021",8.98,"6,300"
Bob Ya,Analyst_153032,MRVL,Q4 2022,"Mar 10, 2022 AMC","Dec 7, 2021",0.5,"1,340"
Analyst_8879309,Analyst_8879309,AMAT,Q1 2022,"Feb 16, 2022 AMC","Nov 29, 2021",2,"6,396"
contract21,contract21,AVGO,Q4 2021,"Dec 9, 2021 AMC","Nov 15, 2021",7.79,"7,384"
contract21,contract21,COST,Q1 2022,"Dec 9, 2021 AMC","Dec 1, 2021",2.7,"49,352"
contract21,contract21,ON,Q4 2021,"Feb 4, 2022 BMO","Nov 1, 2021",0.78,"1,742"
Pavel,Pavel_Kaleda,PFSW,Q2 2021,"Dec 10, 2021 BMO","Nov 25, 2021",0.2,95
Pavel,Pavel_Kaleda,TCOM,Q3 2021,"Dec 15, 2021 AMC","Nov 30, 2021",0.15,844
Pavel,Pavel_Kaleda,NFLX,Q4 2021,"Jan 18, 2022 AMC","Nov 26, 2021",2.4,"7,820"
Pavel,Pavel_Kaleda,AMD,Q4 2021,"Feb 1, 2022 AMC","Nov 23, 2021",0.77,"4,521"
Pavel,Pavel_Kaleda,GOOGL,Q4 2021,"Feb 2, 2022 AMC","Nov 26, 2021",28.4,"57,062"
Pavel,Pavel_Kaleda,DIS,Q1 2022,"Feb 8, 2022 AMC","Nov 30, 2021",0.55,"20,042"
Pavel,Pavel_Kaleda,FOXA,Q2 2022,"Feb 9, 2022 AMC","Nov 30, 2021",0.45,"4,108"
Pavel,Pavel_Kaleda,LUMN,Q4 2021,"Feb 9, 2022 AMC","Nov 30, 2021",0.49,"4,877"
Pavel,Pavel_Kaleda,TMUS,Q4 2021,"Feb 10, 2022 AMC","Nov 30, 2021",0.4,"20,626"
Pavel,Pavel_Kaleda,VIAC,Q4 2021,"Feb 17, 2022 BMO","Nov 30, 2021",0.66,"7,292"
Pavel,Pavel_Kaleda,NVDA,Q4 2022,"Feb 17, 2022 AMC","Nov 23, 2021",0.98,"7,262"
Pavel,Pavel_Kaleda,DISCA,Q4 2021,"Mar 1, 2022 BMO","Nov 30, 2021",0.75,"3,099"
Pavel,Pavel_Kaleda,CRM,Q4 2022,"Mar 1, 2022 AMC","Nov 30, 2021",1.21,"7,275"
Pavel,Pavel_Kaleda,SPLK,Q4 2022,"Mar 3, 2022 AMC","Nov 30, 2021",0.17,846
Pavel,Pavel_Kaleda,OOMA,Q4 2022,"Mar 8, 2022 AMC","Nov 25, 2021",0.16,49.3
Pavel,Pavel_Kaleda,CTRN,Q4 2021,"Mar 18, 2022 BMO","Nov 30, 2021",1.44,263.94
Pavel,Pavel_Kaleda,GOOGL,Q1 2022,"Apr 27, 2022 AMC","Nov 26, 2021",27.96,"55,724"
Pavel,Pavel_Kaleda,AMD,Q1 2022,"May 3, 2022 AMC","Nov 23, 2021",0.76,"4,340"
Pavel,Pavel_Kaleda,AMD,Q2 2022,"Jul 26, 2022 AMC","Nov 23, 2021",0.78,"4,558"
Pavel,Pavel_Kaleda,AMD,Q3 2022,"Oct 25, 2022 AMC","Nov 23, 2021",0.91,"5,029"
Analyst_5178017,Analyst_5178017,MU,Q1 2022,"Dec 20, 2021 AMC","Dec 2, 2021",2.37,"7,877"
Analyst_5178017,Analyst_5178017,JPM,Q4 2021,"Jan 14, 2022 BMO","Nov 19, 2021",2.97,"29,828"
Analyst_5178017,Analyst_5178017,NFLX,Q4 2021,"Jan 18, 2022 AMC","Nov 21, 2021",0.92,"7,800"
Analyst_5178017,Analyst_5178017,MS,Q4 2021,"Jan 20, 2022 BMO","Nov 19, 2021",1.94,"14,739"
Analyst_5178017,Analyst_5178017,AMD,Q4 2021,"Feb 1, 2022 AMC","Dec 2, 2021",0.87,"4,737"
Analyst_5178017,Analyst_5178017,TSLA,Q4 2021,"Feb 2, 2022 AMC","Nov 21, 2021",1.97,"15,575"
Analyst_5178017,Analyst_5178017,OXY,Q4 2021,"Feb 15, 2022 AMC","Nov 19, 2021",1.07,"7,371"
Analyst_5178017,Analyst_5178017,NVDA,Q4 2022,"Feb 17, 2022 AMC","Nov 21, 2021",1.04,"7,392"
Analyst_5178017,Analyst_5178017,BOX,Q4 2022,"Mar 2, 2022 AMC","Dec 1, 2021",0.25,229.74
Analyst_5178017,Analyst_5178017,SNOW,Q4 2022,"Mar 2, 2022 AMC","Dec 2, 2021",0.07,387.88
Analyst_5178017,Analyst_5178017,MRVL,Q4 2022,"Mar 10, 2022 AMC","Dec 3, 2021",0.54,"1,297"
Analyst_5178017,Analyst_5178017,CRWD,Q4 2022,"Mar 24, 2022 AMC","Dec 2, 2021",0.24,417.87
stig55,stig55,FDX,Q2 2022,"Dec 16, 2021 AMC","Oct 26, 2021",4.3,"22,502"
stig55,stig55,WGO,Q1 2022,"Dec 17, 2021 BMO","Dec 6, 2021",2.35,"1,035"
stig55,stig55,MU,Q1 2022,"Dec 20, 2021 AMC","Nov 3, 2021",2.12,"7,684"
stig55,stig55,AMD,Q4 2021,"Feb 1, 2022 AMC","Oct 13, 2021 56 days ago",0.72,"4,191"
stig55,stig55,THO,Q2 2022,"Mar 7, 2022 BMO","Dec 8, 2021",2.9,"3,350"
stig55,stig55,MRNA,Q4 2021,"Mar 9, 2022 BMO","Oct 26, 2021",10.85,"7,520"
JavierMS,JavierMS,MU,Q1 2022,"Dec 20, 2021 AMC","Mar 28, 2021 254 days ago",2.19,"8,210"
"Dominick Gabriele, CFA",Oppenheimer_65,AXP,Q4 2021,"Jan 20, 2022 BMO","Oct 22, 2021 46 days ago",1.71,
"Dominick Gabriele, CFA",Oppenheimer_65,COF,Q4 2021,"Jan 25, 2022 AMC","Nov 1, 2021",5.59,
"Dominick Gabriele, CFA",Oppenheimer_65,DFS,Q4 2021,"Jan 26, 2022 AMC","Oct 21, 2021 47 days ago",4.19,
"Dominick Gabriele, CFA",Oppenheimer_65,ADS,Q4 2021,"Jan 27, 2022 BMO","Oct 28, 2021",2.67,
"Dominick Gabriele, CFA",Oppenheimer_65,SYF,Q4 2021,"Jan 28, 2022 BMO","Oct 19, 2021 49 days ago",1.33,
"Dominick Gabriele, CFA",Oppenheimer_65,CACC,Q4 2021,"Jan 31, 2022 AMC","Feb 2, 2020 674 days ago",8.21,
"Dominick Gabriele, CFA",Oppenheimer_65,PYPL,Q4 2021,"Feb 2, 2022 AMC","Nov 9, 2021 29 days ago",1.12,7.36
"Dominick Gabriele, CFA",Oppenheimer_65,MA,Q4 2021,"Feb 3, 2022 BMO","Oct 25, 2021 44 days ago",2.16,5.1
"Dominick Gabriele, CFA",Oppenheimer_65,V,Q1 2022,"Feb 3, 2022 AMC","Dec 7, 2021",1.7,
"Dominick Gabriele, CFA",Oppenheimer_65,FIS,Q4 2021,"Feb 8, 2022 BMO","Nov 4, 2021 33 days ago",1.87,3.53
"Dominick Gabriele, CFA",Oppenheimer_65,JKHY,Q2 2022,"Feb 8, 2022 AMC","Nov 9, 2021",0.97,
"Dominick Gabriele, CFA",Oppenheimer_65,FISV,Q4 2021,"Feb 9, 2022 BMO","Nov 1, 2021 37 days ago",1.54,3.77
"Dominick Gabriele, CFA",Oppenheimer_65,BKI,Q4 2021,"Feb 16, 2022 BMO","Nov 8, 2021 29 days ago",0.63,371.2
"Dominick Gabriele, CFA",Oppenheimer_65,GPN,Q4 2021,"Feb 16, 2022 BMO","Nov 2, 2021 35 days ago",2.11,1.87
"Dominick Gabriele, CFA",Oppenheimer_65,ECPG,Q4 2021,"Feb 23, 2022 AMC","Jan 4, 2021 337 days ago",-7.77778E+17,
"Dominick Gabriele, CFA",Oppenheimer_65,PRAA,Q4 2021,"Feb 28, 2022 AMC","Jan 4, 2021 337 days ago",-1E+18,
"Dominick Gabriele, CFA",Oppenheimer_65,SQ,Q4 2021,"Mar 2, 2022 AMC","Apr 16, 2021 235 days ago",0.48,1.25
"Dominick Gabriele, CFA",Oppenheimer_65,AXP,Q1 2022,"Apr 20, 2022 BMO","Oct 22, 2021 46 days ago",2.54,
"Dominick Gabriele, CFA",Oppenheimer_65,ADS,Q1 2022,"Apr 21, 2022 BMO","Oct 28, 2021",3.03,
"Dominick Gabriele, CFA",Oppenheimer_65,SYF,Q1 2022,"Apr 22, 2022 BMO","Oct 19, 2021 49 days ago",1.44,
"Dominick Gabriele, CFA",Oppenheimer_65,COF,Q1 2022,"Apr 26, 2022 AMC","Nov 1, 2021",5.75,
"Dominick Gabriele, CFA",Oppenheimer_65,V,Q2 2022,"Apr 27, 2022 AMC","Dec 7, 2021",1.66,
"Dominick Gabriele, CFA",Oppenheimer_65,PYPL,Q1 2022,"Apr 27, 2022 AMC","Nov 9, 2021",1.17,
"Dominick Gabriele, CFA",Oppenheimer_65,DFS,Q1 2022,"Apr 28, 2022 AMC","Oct 21, 2021 47 days ago",4.1,
"Dominick Gabriele, CFA",Oppenheimer_65,MA,Q1 2022,"May 3, 2022 BMO","Oct 28, 2021",2.21,
"Dominick Gabriele, CFA",Oppenheimer_65,FISV,Q1 2022,"May 3, 2022 BMO","Nov 1, 2021",1.31,
"Dominick Gabriele, CFA",Oppenheimer_65,FIS,Q1 2022,"May 3, 2022 BMO","Nov 4, 2021",1.52,
"Dominick Gabriele, CFA",Oppenheimer_65,JKHY,Q3 2022,"May 3, 2022 AMC","Nov 9, 2021",0.96,
"Dominick Gabriele, CFA",Oppenheimer_65,GPN,Q1 2022,"May 5, 2022 BMO","Nov 2, 2021",2.13,
"Dominick Gabriele, CFA",Oppenheimer_65,BKI,Q1 2022,"May 10, 2022 BMO","Nov 8, 2021",0.64,
"Dominick Gabriele, CFA",Oppenheimer_65,AXP,Q2 2022,"Jul 20, 2022 BMO","Oct 22, 2021 46 days ago",2.33,
"Dominick Gabriele, CFA",Oppenheimer_65,ADS,Q2 2022,"Jul 21, 2022 BMO","Oct 28, 2021",3.63,
"Dominick Gabriele, CFA",Oppenheimer_65,COF,Q2 2022,"Jul 21, 2022 AMC","Nov 1, 2021",4.94,
"Dominick Gabriele, CFA",Oppenheimer_65,SYF,Q2 2022,"Jul 22, 2022 BMO","Oct 19, 2021 49 days ago",2.08,
"Dominick Gabriele, CFA",Oppenheimer_65,V,Q3 2022,"Jul 26, 2022 AMC","Dec 7, 2021",1.79,
"Dominick Gabriele, CFA",Oppenheimer_65,DFS,Q2 2022,"Jul 27, 2022 AMC","Oct 21, 2021 47 days ago",4.09,
"Dominick Gabriele, CFA",Oppenheimer_65,PYPL,Q2 2022,"Jul 27, 2022 AMC","Nov 9, 2021",1.32,
"Dominick Gabriele, CFA",Oppenheimer_65,MA,Q2 2022,"Jul 28, 2022 BMO","Oct 28, 2021",2.45,
"Dominick Gabriele, CFA",Oppenheimer_65,FIS,Q2 2022,"Aug 2, 2022 BMO","Nov 4, 2021",1.84,
"Dominick Gabriele, CFA",Oppenheimer_65,FISV,Q2 2022,"Aug 2, 2022 BMO","Nov 1, 2021",1.61,
"Dominick Gabriele, CFA",Oppenheimer_65,BKI,Q2 2022,"Aug 3, 2022 BMO","Nov 8, 2021",0.67,
"Dominick Gabriele, CFA",Oppenheimer_65,GPN,Q2 2022,"Aug 4, 2022 BMO","Nov 2, 2021",2.45,
"Dominick Gabriele, CFA",Oppenheimer_65,JKHY,Q4 2022,"Aug 16, 2022 AMC","Nov 9, 2021",1,
"Dominick Gabriele, CFA",Oppenheimer_65,AXP,Q3 2022,"Oct 19, 2022 BMO","Oct 22, 2021 46 days ago",2.59,
"Dominick Gabriele, CFA",Oppenheimer_65,ADS,Q3 2022,"Oct 20, 2022 BMO","Oct 28, 2021",3.54,
"Dominick Gabriele, CFA",Oppenheimer_65,PYPL,Q3 2022,"Oct 20, 2022 AMC","Nov 9, 2021",1.22,
"Dominick Gabriele, CFA",Oppenheimer_65,SYF,Q3 2022,"Oct 21, 2022 BMO","Oct 19, 2021 49 days ago",1.52,
"Dominick Gabriele, CFA",Oppenheimer_65,DFS,Q3 2022,"Oct 25, 2022 AMC","Oct 21, 2021 47 days ago",2.72,
"Dominick Gabriele, CFA",Oppenheimer_65,COF,Q3 2022,"Oct 25, 2022 AMC","Nov 1, 2021",4.36,
"Dominick Gabriele, CFA",Oppenheimer_65,V,Q4 2022,"Oct 26, 2022 AMC","Oct 27, 2021",1.93,
Serge Belanger,Needham_23,CYTK,Q4 2021,"Feb 17, 2022 AMC","Nov 4, 2021",-0.85,6.5
Serge Belanger,Needham_23,BCRX,Q4 2021,"Feb 23, 2022 BMO","Nov 4, 2021 34 days ago",-0.36,43
Serge Belanger,Needham_23,PCRX,Q4 2021,"Feb 24, 2022 BMO","Dec 8, 2021",0.85,146.63
Serge Belanger,Needham_23,AERI,Q4 2021,"Mar 1, 2022 AMC","Nov 5, 2021",-0.66,32.67
Serge Belanger,Needham_23,RVNC,Q4 2021,"Mar 2, 2022 AMC","Nov 10, 2021",-1,23
Serge Belanger,Needham_23,OMER,Q4 2021,"Mar 3, 2022 AMC","Nov 10, 2021 28 days ago",-0.33,33.68
Serge Belanger,Needham_23,XENE,Q4 2021,"Mar 9, 2022 AMC","Nov 11, 2021 27 days ago",-0.16,18
Serge Belanger,Needham_23,COLL,Q4 2021,"Mar 10, 2022 AMC","Nov 12, 2021",1,81.09
Serge Belanger,Needham_23,ZGNX,Q4 2021,"Mar 10, 2022 AMC","Aug 6, 2021 124 days ago",-0.82,37.4
Serge Belanger,Needham_23,ZYNE,Q4 2021,"Mar 14, 2022 BMO","Nov 15, 2021 23 days ago",-0.27,0
Serge Belanger,Needham_23,AMPH,Q4 2021,"Mar 14, 2022 AMC","Nov 9, 2021",0.36,112.5
"Salvator Tiano, CFA",GHS_47,SLGN,Q4 2021,"Feb 1, 2022 BMO","Oct 28, 2021",0.74,"1,395"
"Salvator Tiano, CFA",GHS_47,BLL,Q4 2021,"Feb 3, 2022 BMO","Nov 5, 2021",0.9,"3,660"
"Salvator Tiano, CFA",GHS_47,BERY,Q1 2022,"Feb 4, 2022 BMO","Nov 19, 2021",1.36,"3,045"
"Salvator Tiano, CFA",GHS_47,OI,Q4 2021,"Feb 8, 2022 AMC","Oct 27, 2021",0.35,"1,510"
"Salvator Tiano, CFA",GHS_47,CCK,Q4 2021,"Feb 9, 2022 AMC","Oct 27, 2021",1.53,"2,848"
"Salvator Tiano, CFA",GHS_47,SON,Q4 2021,"Feb 10, 2022 BMO","Oct 22, 2021 47 days ago",0.87,"1,442"
"Salvator Tiano, CFA",GHS_47,SEE,Q4 2021,"Feb 10, 2022 BMO","Nov 3, 2021",1.11,"1,498"
"Salvator Tiano, CFA",GHS_47,AMCR,Q2 2022,"Feb 15, 2022 AMC","Nov 3, 2021",0.18,"3,378"
"Salvator Tiano, CFA",GHS_47,ATR,Q4 2021,"Feb 16, 2022 AMC","Nov 1, 2021",0.93,811.37
"Salvator Tiano, CFA",GHS_47,CCK,Q1 2022,"Apr 20, 2022 AMC","Oct 27, 2021",1.66,"2,853"
"Salvator Tiano, CFA",GHS_47,SON,Q1 2022,"Apr 21, 2022 BMO","Oct 22, 2021 47 days ago",0.96,"1,546"
"Salvator Tiano, CFA",GHS_47,SLGN,Q1 2022,"Apr 27, 2022 BMO","Oct 28, 2021",0.81,"1,442"
"Salvator Tiano, CFA",GHS_47,ATR,Q1 2022,"Apr 28, 2022 AMC","Nov 1, 2021",1.06,833.38
"Salvator Tiano, CFA",GHS_47,OI,Q1 2022,"May 3, 2022 AMC","Oct 27, 2021",0.42,"1,581"
"Salvator Tiano, CFA",GHS_47,SEE,Q1 2022,"May 4, 2022 BMO","Nov 3, 2021",0.91,"1,388"
"Salvator Tiano, CFA",GHS_47,BERY,Q2 2022,"May 5, 2022 BMO","Nov 19, 2021 19 days ago",1.86,"3,085"
"Salvator Tiano, CFA",GHS_47,BLL,Q1 2022,"May 5, 2022 BMO","Nov 5, 2021",0.79,"3,743"
"Salvator Tiano, CFA",GHS_47,AMCR,Q3 2022,"May 16, 2022 AMC","Nov 3, 2021 35 days ago",0.2,"3,425"
"Salvator Tiano, CFA",GHS_47,CCK,Q2 2022,"Jul 20, 2022 AMC","Oct 27, 2021",1.95,"3,107"
"Salvator Tiano, CFA",GHS_47,SON,Q2 2022,"Jul 21, 2022 BMO","Oct 22, 2021 47 days ago",0.97,"1,525"
"Salvator Tiano, CFA",GHS_47,SLGN,Q2 2022,"Jul 27, 2022 BMO","Oct 28, 2021",1.01,"1,565"
"Salvator Tiano, CFA",GHS_47,ATR,Q2 2022,"Jul 28, 2022 AMC","Nov 1, 2021",1.09,864.63
"Salvator Tiano, CFA",GHS_47,BERY,Q3 2022,"Aug 4, 2022 BMO","Nov 19, 2021 19 days ago",2.09,"3,054"
"Salvator Tiano, CFA",GHS_47,SEE,Q2 2022,"Aug 4, 2022 BMO","Nov 3, 2021",0.96,"1,384"
"Salvator Tiano, CFA",GHS_47,BLL,Q2 2022,"Aug 4, 2022 BMO","Nov 5, 2021",0.99,"4,135"
"Salvator Tiano, CFA",GHS_47,OI,Q2 2022,"Aug 9, 2022 AMC","Oct 27, 2021",0.58,"1,772"
"Salvator Tiano, CFA",GHS_47,AMCR,Q4 2022,"Aug 23, 2022 AMC","Nov 3, 2021 35 days ago",0.24,"3,652"
"Salvator Tiano, CFA",GHS_47,CCK,Q3 2022,"Oct 19, 2022 AMC","Oct 27, 2021",2.08,"3,201"
"Salvator Tiano, CFA",GHS_47,SON,Q3 2022,"Oct 20, 2022 BMO","Oct 22, 2021 47 days ago",1,"1,508"
"Salvator Tiano, CFA",GHS_47,SLGN,Q3 2022,"Oct 26, 2022 BMO","Oct 28, 2021",1.19,"1,943"
"Salvator Tiano, CFA",GHS_47,ATR,Q3 2022,"Oct 27, 2022 AMC","Nov 1, 2021",1.13,881
"Salvator Tiano, CFA",GHS_47,OI,Q3 2022,"Nov 1, 2022 AMC","Oct 27, 2021",0.56,"1,625"
"Salvator Tiano, CFA",GHS_47,SEE,Q3 2022,"Nov 2, 2022 BMO","Nov 3, 2021",0.98,"1,437"
"Salvator Tiano, CFA",GHS_47,BLL,Q3 2022,"Nov 3, 2022 BMO","Nov 5, 2021",1.12,"4,249"
"Salvator Tiano, CFA",GHS_47,BERY,Q4 2022,"Nov 17, 2022 BMO","Nov 19, 2021",2.18,"3,561"
"Salvator Tiano, CFA",GHS_47,SLGN,Q4 2022,"Jan 31, 2023 BMO","Oct 28, 2021",0.79,"1,598"
"Salvator Tiano, CFA",GHS_47,BLL,Q4 2022,"Feb 2, 2023 BMO","Nov 5, 2021",1.05,"4,126"
"Salvator Tiano, CFA",GHS_47,OI,Q4 2022,"Feb 7, 2023 AMC","Oct 27, 2021",0.34,"1,529"
"Salvator Tiano, CFA",GHS_47,CCK,Q4 2022,"Feb 8, 2023 AMC","Oct 27, 2021",1.92,"3,130"
"Salvator Tiano, CFA",GHS_47,SEE,Q4 2022,"Feb 9, 2023 BMO","Nov 3, 2021",1.16,"1,526"
"Salvator Tiano, CFA",GHS_47,SON,Q4 2022,"Feb 9, 2023 BMO","Oct 22, 2021 47 days ago",0.97,"1,466"
"Salvator Tiano, CFA",GHS_47,ATR,Q4 2022,"Feb 15, 2023 AMC","Nov 1, 2021",1.07,842.39
Michael Roxland,Suntrust_128,IP,Q4 2021,"Jan 27, 2022 BMO","Oct 28, 2021",1.17,
Michael Roxland,Suntrust_128,PKG,Q4 2021,"Jan 31, 2022 AMC","Oct 26, 2021",2.04,
Michael Roxland,Suntrust_128,SLGN,Q4 2021,"Feb 1, 2022 BMO","Oct 28, 2021",0.73,
Michael Roxland,Suntrust_128,BLL,Q4 2021,"Feb 3, 2022 BMO","Nov 4, 2021",0.94,
Michael Roxland,Suntrust_128,WRK,Q1 2022,"Feb 3, 2022 BMO","Nov 9, 2021",0.58,
Michael Roxland,Suntrust_128,BERY,Q1 2022,"Feb 4, 2022 BMO","Nov 18, 2021",1.48,
Michael Roxland,Suntrust_128,OI,Q4 2021,"Feb 8, 2022 AMC","Sep 13, 2021 85 days ago",0.32,
Michael Roxland,Suntrust_128,CCK,Q4 2021,"Feb 9, 2022 AMC","Oct 27, 2021",1.52,
Michael Roxland,Suntrust_128,SEE,Q4 2021,"Feb 10, 2022 BMO","Nov 2, 2021",1.11,
Michael Roxland,Suntrust_128,GPK,Q4 2021,"Feb 17, 2022 BMO","Oct 26, 2021",0.31,
Michael Roxland,Suntrust_128,CCK,Q1 2022,"Apr 20, 2022 AMC","Oct 27, 2021",1.78,
Michael Roxland,Suntrust_128,GPK,Q1 2022,"Apr 26, 2022 BMO","Oct 26, 2021",0.36,
Michael Roxland,Suntrust_128,SLGN,Q1 2022,"Apr 27, 2022 BMO","Oct 28, 2021",0.81,
Michael Roxland,Suntrust_128,PKG,Q1 2022,"Apr 27, 2022 AMC","Oct 12, 2021 56 days ago",1.7,
Michael Roxland,Suntrust_128,IP,Q1 2022,"Apr 28, 2022 BMO","Oct 28, 2021",0.82,
Michael Roxland,Suntrust_128,OI,Q1 2022,"May 3, 2022 AMC","Oct 26, 2021",0.38,
Michael Roxland,Suntrust_128,WRK,Q2 2022,"May 4, 2022 BMO","Nov 9, 2021",0.86,
Michael Roxland,Suntrust_128,SEE,Q1 2022,"May 4, 2022 BMO","Nov 2, 2021",0.84,
Michael Roxland,Suntrust_128,BERY,Q2 2022,"May 5, 2022 BMO","Nov 18, 2021",1.76,
Michael Roxland,Suntrust_128,BLL,Q1 2022,"May 5, 2022 BMO","Nov 4, 2021",0.72,
Michael Roxland,Suntrust_128,CCK,Q2 2022,"Jul 20, 2022 AMC","Oct 27, 2021",2.1,
Michael Roxland,Suntrust_128,GPK,Q2 2022,"Jul 26, 2022 BMO","Oct 26, 2021",0.43,
Michael Roxland,Suntrust_128,SLGN,Q2 2022,"Jul 27, 2022 BMO","Oct 28, 2021",0.94,
Michael Roxland,Suntrust_128,PKG,Q2 2022,"Jul 27, 2022 AMC","Oct 26, 2021",2,
Michael Roxland,Suntrust_128,IP,Q2 2022,"Jul 28, 2022 BMO","Oct 12, 2021 56 days ago",0.98,
Michael Roxland,Suntrust_128,BERY,Q3 2022,"Aug 4, 2022 BMO","Nov 18, 2021",2.12,
Michael Roxland,Suntrust_128,WRK,Q3 2022,"Aug 4, 2022 BMO","Nov 9, 2021",1.37,
Michael Roxland,Suntrust_128,SEE,Q2 2022,"Aug 4, 2022 BMO","Nov 2, 2021",0.94,
Michael Roxland,Suntrust_128,BLL,Q2 2022,"Aug 4, 2022 BMO","Nov 4, 2021",0.93,
Michael Roxland,Suntrust_128,OI,Q2 2022,"Aug 9, 2022 AMC","Oct 26, 2021",0.58,
Michael Roxland,Suntrust_128,CCK,Q3 2022,"Oct 19, 2022 AMC","Oct 27, 2021",2.16,
Michael Roxland,Suntrust_128,GPK,Q3 2022,"Oct 25, 2022 BMO","Oct 26, 2021",0.49,
Michael Roxland,Suntrust_128,SLGN,Q3 2022,"Oct 26, 2022 BMO","Oct 28, 2021",1.16,
Michael Roxland,Suntrust_128,PKG,Q3 2022,"Oct 26, 2022 AMC","Oct 26, 2021",2.42,
Michael Roxland,Suntrust_128,IP,Q3 2022,"Oct 27, 2022 BMO","Oct 28, 2021",1.12,
Michael Roxland,Suntrust_128,OI,Q3 2022,"Nov 1, 2022 AMC","Oct 26, 2021",0.6,
Michael Roxland,Suntrust_128,SEE,Q3 2022,"Nov 2, 2022 BMO","Nov 2, 2021",1.06,
Michael Roxland,Suntrust_128,BLL,Q3 2022,"Nov 3, 2022 BMO","Nov 4, 2021",1.11,
Michael Roxland,Suntrust_128,WRK,Q4 2022,"Nov 10, 2022 BMO","Nov 9, 2021",1.54,
Michael Roxland,Suntrust_128,BERY,Q4 2022,"Nov 17, 2022 BMO","Nov 18, 2021",2.09,
Michael Roxland,Suntrust_128,PKG,Q4 2022,"Jan 30, 2023 AMC","Oct 26, 2021",1.93,
Michael Roxland,Suntrust_128,SLGN,Q4 2022,"Jan 31, 2023 BMO","Oct 28, 2021",0.84,
Michael Roxland,Suntrust_128,WRK,Q1 2023,"Feb 2, 2023 BMO","Nov 9, 2021",1.04,
Michael Roxland,Suntrust_128,BLL,Q4 2022,"Feb 2, 2023 BMO","Nov 4, 2021",1.2,
Michael Roxland,Suntrust_128,IP,Q4 2022,"Feb 2, 2023 BMO","Oct 28, 2021",1.18,
Michael Roxland,Suntrust_128,BERY,Q1 2023,"Feb 3, 2023 BMO","Nov 18, 2021",1.55,
Michael Roxland,Suntrust_128,GPK,Q4 2022,"Feb 7, 2023 BMO","Oct 26, 2021",0.47,
Michael Roxland,Suntrust_128,OI,Q4 2022,"Feb 7, 2023 AMC","Sep 13, 2021 85 days ago",0.44,
Michael Roxland,Suntrust_128,CCK,Q4 2022,"Feb 8, 2023 AMC","Oct 27, 2021",1.81,
Michael Roxland,Suntrust_128,SEE,Q4 2022,"Feb 9, 2023 BMO","Nov 2, 2021",1.11,
"Salvator Tiano, CFA",GHS_34,SLGN,Q4 2021,"Feb 1, 2022 BMO","Apr 29, 2021 223 days ago",0.69,"1,325"
"Salvator Tiano, CFA",GHS_34,BLL,Q4 2021,"Feb 3, 2022 BMO","May 11, 2021 211 days ago",0.93,"3,413"
"Salvator Tiano, CFA",GHS_34,OI,Q4 2021,"Feb 8, 2022 AMC","May 3, 2021 218 days ago",0.4,"1,504"
"Salvator Tiano, CFA",GHS_34,CCK,Q4 2021,"Feb 9, 2022 AMC","Apr 21, 2021 231 days ago",1.56,"2,665"
"Salvator Tiano, CFA",GHS_34,SON,Q4 2021,"Feb 10, 2022 BMO","Apr 23, 2021 229 days ago",0.89,"1,381"
"Salvator Tiano, CFA",GHS_34,SEE,Q4 2021,"Feb 10, 2022 BMO","May 7, 2021 215 days ago",1.05,"1,428"
"Salvator Tiano, CFA",GHS_34,ATR,Q4 2021,"Feb 16, 2022 AMC","May 5, 2021 217 days ago",1.06,810.83
AV4595,AV4595,LNDC,Q2 2022,"Jan 5, 2022 AMC","Oct 4, 2021 65 days ago",,"132,006"
AV4595,AV4595,IVAC,Q4 2021,"Feb 2, 2022 AMC","Mar 16, 2020 631 days ago",,37.6
AV4595,AV4595,HAIN,Q2 2022,"Feb 10, 2022 BMO","Nov 10, 2021",,"485,292"
AV4595,AV4595,CUTR,Q4 2021,"Feb 16, 2022 AMC","Nov 4, 2021",,"62,276"
AV4595,AV4595,CELH,Q4 2021,"Mar 10, 2022 BMO","Nov 11, 2021",,"93,252"
AV4595,AV4595,LNDC,Q3 2022,"Apr 5, 2022 AMC","Oct 4, 2021 65 days ago",,"142,980"
AV4595,AV4595,CUTR,Q1 2022,"May 2, 2022 AMC","Nov 4, 2021",,"56,068"
AV4595,AV4595,HAIN,Q3 2022,"May 12, 2022 BMO","Nov 10, 2021",,"507,530"
AV4595,AV4595,CELH,Q1 2022,"May 12, 2022 BMO","Nov 11, 2021",,"99,341"
AV4595,AV4595,LNDC,Q4 2022,"Jul 26, 2022 AMC","Oct 4, 2021 65 days ago",,"143,123"
AV4595,AV4595,CELH,Q2 2022,"Aug 11, 2022 BMO","Nov 11, 2021",,"109,714"
AV4595,AV4595,CUTR,Q2 2022,"Aug 11, 2022 AMC","Nov 4, 2021",,"63,723"
AV4595,AV4595,HAIN,Q4 2022,"Aug 30, 2022 BMO","Nov 10, 2021",,"473,679"
AV4595,AV4595,CUTR,Q3 2022,"Nov 8, 2022 AMC","Nov 4, 2021",,"62,922"
AV4595,AV4595,CELH,Q3 2022,"Nov 10, 2022 BMO","Nov 11, 2021",,"124,313"
AV4595,AV4595,CUTR,Q4 2022,"Feb 15, 2023 AMC","Nov 4, 2021",,"70,007"
AV4595,AV4595,CELH,Q4 2022,"Mar 9, 2023 BMO","Nov 11, 2021",,"122,196"
T. Michael Walkley,Canaccord_166,BB,Q3 2022,"Dec 16, 2021 AMC","Sep 22, 2021 76 days ago",-0.1,174
T. Michael Walkley,Canaccord_166,CAMP,Q3 2022,"Dec 21, 2021 AMC","Nov 12, 2021",-0.08,71.22
T. Michael Walkley,Canaccord_166,ERIC,Q4 2021,"Jan 25, 2022 BMO","Apr 22, 2020 595 days ago",0.25,"70,194"
T. Michael Walkley,Canaccord_166,SWKS,Q1 2022,"Jan 27, 2022 AMC","May 4, 2020 582 days ago",2.28,"1,087"
T. Michael Walkley,Canaccord_166,AAPL,Q1 2022,"Feb 1, 2022 AMC","Oct 29, 2021",1.88,"118,133"
T. Michael Walkley,Canaccord_166,CEVA,Q4 2021,"Feb 2, 2022 BMO","May 11, 2020 576 days ago",0.27,27.88
T. Michael Walkley,Canaccord_166,QRVO,Q3 2022,"Feb 2, 2022 AMC","May 7, 2020 579 days ago",2.51,"1,036"
T. Michael Walkley,Canaccord_166,QCOM,Q1 2022,"Feb 2, 2022 AMC","Nov 3, 2021",3.01,"10,405"
T. Michael Walkley,Canaccord_166,MIXT,Q3 2022,"Feb 3, 2022 BMO","Nov 18, 2021",,35.35
T. Michael Walkley,Canaccord_166,NOK,Q4 2021,"Feb 3, 2022 BMO","Apr 30, 2020 587 days ago",0.18,"7,227"
T. Michael Walkley,Canaccord_166,DGII,Q1 2022,"Feb 3, 2022 AMC","Nov 10, 2021",0.3,83.51
T. Michael Walkley,Canaccord_166,TENB,Q4 2021,"Feb 8, 2022 AMC","Oct 27, 2021 42 days ago",0.03,143.96
T. Michael Walkley,Canaccord_166,TWLO,Q4 2021,"Feb 15, 2022 AMC","Oct 28, 2021",-0.26,764.59
T. Michael Walkley,Canaccord_166,SWIR,Q4 2021,"Feb 22, 2022 AMC","Nov 12, 2021",-0.14,126.29
T. Michael Walkley,Canaccord_166,EVBG,Q4 2021,"Feb 22, 2022 AMC","Nov 9, 2021",-0.2,102.07
T. Michael Walkley,Canaccord_166,BAND,Q4 2021,"Feb 24, 2022 AMC","Nov 8, 2021",-0.13,118.12
T. Michael Walkley,Canaccord_166,ZS,Q2 2022,"Feb 24, 2022 AMC","Nov 30, 2021",0.11,240.87
T. Michael Walkley,Canaccord_166,SAIL,Q4 2021,"Feb 24, 2022 AMC","Nov 9, 2021",-0.07,113.36
T. Michael Walkley,Canaccord_166,OKTA,Q4 2022,"Mar 10, 2022 AMC","Dec 2, 2021",-0.24,359.03
T. Michael Walkley,Canaccord_166,CRWD,Q4 2022,"Mar 24, 2022 AMC","Dec 2, 2021",0.2,409.4
T. Michael Walkley,Canaccord_166,BB,Q4 2022,"Mar 29, 2022 AMC","Sep 22, 2021 76 days ago",-0.07,206
T. Michael Walkley,Canaccord_166,CAMP,Q4 2022,"Apr 19, 2022 AMC","Nov 12, 2021",-0.05,73.54
T. Michael Walkley,Canaccord_166,QCOM,Q2 2022,"Apr 20, 2022 AMC","Nov 3, 2021",2.45,"9,533"
T. Michael Walkley,Canaccord_166,AAPL,Q2 2022,"May 3, 2022 AMC","Oct 29, 2021",1.24,"89,418"
T. Michael Walkley,Canaccord_166,TWLO,Q1 2022,"May 3, 2022 AMC","Oct 28, 2021",-0.02,771.7
T. Michael Walkley,Canaccord_166,TENB,Q1 2022,"May 3, 2022 AMC","Oct 27, 2021",0.04,146.9
T. Michael Walkley,Canaccord_166,BAND,Q1 2022,"May 4, 2022 AMC","Nov 8, 2021",0,134.53
T. Michael Walkley,Canaccord_166,DGII,Q2 2022,"May 5, 2022 AMC","Nov 10, 2021",0.34,89.1
T. Michael Walkley,Canaccord_166,EVBG,Q1 2022,"May 9, 2022 AMC","Nov 9, 2021 28 days ago",-0.1,105.23
T. Michael Walkley,Canaccord_166,SAIL,Q1 2022,"May 11, 2022 AMC","Nov 9, 2021 28 days ago",-0.02,110.12
T. Michael Walkley,Canaccord_166,SWIR,Q1 2022,"May 12, 2022 AMC","Nov 12, 2021",-0.13,121.79
T. Michael Walkley,Canaccord_166,MIXT,Q4 2022,"May 26, 2022 BMO","Nov 18, 2021",,36.39
T. Michael Walkley,Canaccord_166,ZS,Q3 2022,"Jun 2, 2022 AMC","Nov 30, 2021",0.12,253.43
T. Michael Walkley,Canaccord_166,OKTA,Q1 2023,"Jun 8, 2022 AMC","Dec 2, 2021",-0.18,348.5
T. Michael Walkley,Canaccord_166,BB,Q1 2023,"Jun 23, 2022 BMO","Sep 22, 2021 76 days ago",0,241
T. Michael Walkley,Canaccord_166,CAMP,Q1 2023,"Jun 28, 2022 AMC","Nov 12, 2021",0,78.5
T. Michael Walkley,Canaccord_166,QCOM,Q3 2022,"Jul 20, 2022 AMC","Nov 3, 2021",2.34,"9,107"
T. Michael Walkley,Canaccord_166,CRWD,Q1 2023,"Jul 21, 2022 AMC","Dec 2, 2021",0.17,439.15
T. Michael Walkley,Canaccord_166,DGII,Q3 2022,"Jul 28, 2022 AMC","Nov 10, 2021",0.41,95.74
T. Michael Walkley,Canaccord_166,AAPL,Q3 2022,"Aug 2, 2022 AMC","Oct 29, 2021",1.19,"83,981"
T. Michael Walkley,Canaccord_166,TENB,Q2 2022,"Aug 2, 2022 AMC","Oct 27, 2021",0.08,155.08
T. Michael Walkley,Canaccord_166,MIXT,Q1 2023,"Aug 4, 2022 BMO","Nov 18, 2021",,36.84
T. Michael Walkley,Canaccord_166,BAND,Q2 2022,"Aug 4, 2022 AMC","Nov 8, 2021",0.15,142.6
T. Michael Walkley,Canaccord_166,EVBG,Q2 2022,"Aug 8, 2022 AMC","Nov 9, 2021 28 days ago",-0.02,110.91
T. Michael Walkley,Canaccord_166,TWLO,Q2 2022,"Aug 8, 2022 AMC","Oct 28, 2021",0,874.96
T. Michael Walkley,Canaccord_166,SAIL,Q2 2022,"Aug 10, 2022 AMC","Nov 9, 2021",-0.02,119.68
T. Michael Walkley,Canaccord_166,SWIR,Q2 2022,"Aug 11, 2022 AMC","Nov 12, 2021",-0.06,126.61
T. Michael Walkley,Canaccord_166,OKTA,Q2 2023,"Aug 31, 2022 AMC","Dec 2, 2021",-0.24,419.67
T. Michael Walkley,Canaccord_166,CRWD,Q2 2023,"Sep 8, 2022 AMC","Dec 2, 2021",0.2,474.38
T. Michael Walkley,Canaccord_166,ZS,Q4 2022,"Sep 8, 2022 AMC","Nov 30, 2021",0.16,280.24
"Suji Desilva, CFA",Roth_23,INTC,Q4 2021,"Jan 26, 2022 AMC","Oct 22, 2021 47 days ago",0.9,"18,300"
"Suji Desilva, CFA",Roth_23,SIMO,Q4 2021,"Jan 26, 2022 AMC","Oct 28, 2021",1.73,260.5
"Suji Desilva, CFA",Roth_23,RMBS,Q4 2021,"Jan 31, 2022 AMC","Feb 2, 2021 309 days ago",0.33,116.5
"Suji Desilva, CFA",Roth_23,SLAB,Q4 2021,"Feb 2, 2022 BMO","Feb 3, 2021 307 days ago",0.91,257
"Suji Desilva, CFA",Roth_23,CEVA,Q4 2021,"Feb 2, 2022 BMO","Nov 9, 2021",0.17,32.3
"Suji Desilva, CFA",Roth_23,MXL,Q4 2021,"Feb 9, 2022 AMC","Oct 28, 2021",0.84,245
"Suji Desilva, CFA",Roth_23,SITM,Q4 2021,"Feb 9, 2022 AMC","Nov 15, 2021",1.04,71
"Suji Desilva, CFA",Roth_23,KN,Q4 2021,"Feb 10, 2022 AMC","Oct 28, 2021",0.44,232.5
"Suji Desilva, CFA",Roth_23,PXLW,Q4 2021,"Feb 10, 2022 AMC","Nov 10, 2021",-0.05,16.5
"Suji Desilva, CFA",Roth_23,HIMX,Q4 2021,"Feb 17, 2022 BMO","Apr 3, 2020 614 days ago",0.11,244
"Suji Desilva, CFA",Roth_23,AMBA,Q4 2022,"Mar 3, 2022 AMC","Dec 1, 2021",0.42,90
"Suji Desilva, CFA",Roth_23,WATT,Q4 2021,"Mar 10, 2022 AMC","Nov 12, 2021 26 days ago",-0.1,0.25
"Suji Desilva, CFA",Roth_23,RMBS,Q1 2022,"Apr 25, 2022 AMC","Feb 2, 2021 309 days ago",0.31,120
"Suji Desilva, CFA",Roth_23,SLAB,Q1 2022,"Apr 27, 2022 BMO","Feb 3, 2021 307 days ago",0.79,254
"Suji Desilva, CFA",Roth_23,KN,Q1 2022,"Apr 27, 2022 AMC","Oct 28, 2021",0.28,201
"Suji Desilva, CFA",Roth_23,INTC,Q1 2022,"Apr 28, 2022 AMC","Oct 22, 2021 47 days ago",0.74,"17,975"
"Suji Desilva, CFA",Roth_23,SIMO,Q1 2022,"Apr 28, 2022 AMC","Oct 28, 2021",1.63,255.4
"Suji Desilva, CFA",Roth_23,PXLW,Q1 2022,"May 5, 2022 AMC","Nov 10, 2021 28 days ago",-0.07,14.4
"Suji Desilva, CFA",Roth_23,CEVA,Q1 2022,"May 9, 2022 BMO","Nov 9, 2021",0.15,32
"Suji Desilva, CFA",Roth_23,MXL,Q1 2022,"May 10, 2022 AMC","Oct 28, 2021",0.75,245
"Suji Desilva, CFA",Roth_23,SITM,Q1 2022,"May 11, 2022 BMO","Nov 15, 2021",0.64,62
"Suji Desilva, CFA",Roth_23,WATT,Q1 2022,"May 11, 2022 AMC","Jul 30, 2021 131 days ago",-0.1,0.45
"Suji Desilva, CFA",Roth_23,AMBA,Q1 2023,"Jun 7, 2022 AMC","Dec 1, 2021",0.37,91
"Suji Desilva, CFA",Roth_23,SLAB,Q2 2022,"Jul 27, 2022 BMO","Feb 3, 2021 307 days ago",0.88,265
"Suji Desilva, CFA",Roth_23,KN,Q2 2022,"Jul 27, 2022 AMC","Oct 28, 2021",0.32,211
"Suji Desilva, CFA",Roth_23,INTC,Q2 2022,"Jul 28, 2022 AMC","Oct 22, 2021 47 days ago",0.77,"18,225"
"Suji Desilva, CFA",Roth_23,RMBS,Q2 2022,"Aug 1, 2022 AMC","Feb 2, 2021 309 days ago",0.31,119
"Suji Desilva, CFA",Roth_23,SIMO,Q2 2022,"Aug 3, 2022 AMC","Oct 28, 2021",1.75,267.4
"Suji Desilva, CFA",Roth_23,MXL,Q2 2022,"Aug 9, 2022 AMC","Oct 28, 2021",0.76,250.5
"Suji Desilva, CFA",Roth_23,WATT,Q2 2022,"Aug 9, 2022 AMC","Jul 30, 2021 131 days ago",-0.1,0.6
"Suji Desilva, CFA",Roth_23,PXLW,Q2 2022,"Aug 9, 2022 AMC","Nov 10, 2021 28 days ago",-0.06,15.4
"Suji Desilva, CFA",Roth_23,CEVA,Q2 2022,"Aug 10, 2022 BMO","Nov 9, 2021",0.16,32.4
"Suji Desilva, CFA",Roth_23,SITM,Q2 2022,"Aug 10, 2022 BMO","Nov 15, 2021",0.69,65.5
"Suji Desilva, CFA",Roth_23,AMBA,Q2 2023,"Sep 1, 2022 AMC","Dec 1, 2021",0.39,94
"Suji Desilva, CFA",Roth_23,RMBS,Q3 2022,"Oct 24, 2022 AMC","Feb 2, 2021 309 days ago",0.32,120.5
"Suji Desilva, CFA",Roth_23,SLAB,Q3 2022,"Oct 26, 2022 BMO","Feb 3, 2021 307 days ago",1,280
"Suji Desilva, CFA",Roth_23,KN,Q3 2022,"Oct 26, 2022 AMC","Oct 28, 2021",0.47,251
"Suji Desilva, CFA",Roth_23,INTC,Q3 2022,"Oct 27, 2022 AMC","Oct 22, 2021 47 days ago",0.82,"18,725"
"Suji Desilva, CFA",Roth_23,SIMO,Q3 2022,"Oct 27, 2022 AMC","Oct 28, 2021",1.91,284.4
"Suji Desilva, CFA",Roth_23,PXLW,Q3 2022,"Nov 3, 2022 AMC","Nov 10, 2021 28 days ago",-0.05,17.7
"Suji Desilva, CFA",Roth_23,SITM,Q3 2022,"Nov 9, 2022 BMO","Nov 15, 2021",0.81,72
"Suji Desilva, CFA",Roth_23,MXL,Q3 2022,"Nov 9, 2022 AMC","Oct 28, 2021",0.78,256.5
"Suji Desilva, CFA",Roth_23,CEVA,Q3 2022,"Nov 10, 2022 BMO","Nov 9, 2021",0.17,32.9
"Suji Desilva, CFA",Roth_23,WATT,Q3 2022,"Nov 10, 2022 AMC","Nov 12, 2021 26 days ago",-0.1,0.6
"Suji Desilva, CFA",Roth_23,AMBA,Q3 2023,"Dec 1, 2022 AMC","Dec 1, 2021",0.54,107
"Suji Desilva, CFA",Roth_23,SIMO,Q4 2022,"Jan 25, 2023 AMC","Oct 28, 2021",1.96,298.8
"Suji Desilva, CFA",Roth_23,INTC,Q4 2022,"Jan 26, 2023 AMC","Oct 22, 2021 47 days ago",0.89,"19,175"
"Suji Desilva, CFA",Roth_23,CEVA,Q4 2022,"Feb 1, 2023 BMO","Nov 9, 2021",0.18,33.4
"Suji Desilva, CFA",Roth_23,MXL,Q4 2022,"Feb 8, 2023 AMC","Oct 28, 2021",0.77,258
"Suji Desilva, CFA",Roth_23,SITM,Q4 2022,"Feb 8, 2023 AMC","Nov 15, 2021",0.92,78
Andrew Uerkwitz,Oppenheimer_17,CEVA,Q4 2021,"Feb 2, 2022 BMO","Jan 7, 2021 335 days ago",0.17,
Andrew Uerkwitz,Oppenheimer_17,ZNGA,Q4 2021,"Feb 9, 2022 AMC","Nov 30, 2020 372 days ago",-0.03,
Andrew Uerkwitz,Oppenheimer_17,TYL,Q4 2021,"Feb 16, 2022 AMC","Feb 11, 2021 300 days ago",1.47,
Andrew Uerkwitz,Oppenheimer_17,EVBG,Q4 2021,"Feb 22, 2022 AMC","Nov 6, 2020 397 days ago",-0.58,95.9
TH312556,TH312556,TTC,Q4 2021,"Dec 15, 2021 BMO","Jun 5, 2020 551 days ago",0.38,742.8
TH312556,TH312556,MSM,Q1 2022,"Jan 12, 2022 BMO","Oct 28, 2020 406 days ago",1.11,810.2
TH312556,TH312556,FAST,Q4 2021,"Jan 19, 2022 BMO","Dec 4, 2020 369 days ago",0.37,"1,426"
TH312556,TH312556,ITW,Q4 2021,"Jan 26, 2022 BMO","Nov 2, 2021",1.91,"3,552"
TH312556,TH312556,SWK,Q4 2021,"Jan 27, 2022 BMO","Nov 3, 2021",2.01,"4,489"
TH312556,TH312556,WCC,Q4 2021,"Feb 3, 2022 BMO","Nov 9, 2020 393 days ago",1.63,"4,259"
TH312556,TH312556,GWW,Q4 2021,"Feb 3, 2022 BMO","Oct 23, 2020 411 days ago",4.4,"3,028"
TH312556,TH312556,SNA,Q4 2021,"Feb 3, 2022 BMO","Oct 27, 2021",3.63,"1,105"
TH312556,TH312556,CFX,Q4 2021,"Feb 3, 2022 BMO","Nov 9, 2021",0.57,970.6
TH312556,TH312556,BE,Q4 2021,"Feb 9, 2022 AMC","Nov 18, 2021",-0.04,318.2
TH312556,TH312556,ENS,Q3 2022,"Feb 9, 2022 AMC","Nov 16, 2021",0.98,810.9
TH312556,TH312556,COHR,Q1 2022,"Feb 9, 2022 AMC","Oct 4, 2021 65 days ago",1.43,376.1
TH312556,TH312556,TRMB,Q4 2021,"Feb 9, 2022 AMC","Nov 9, 2021",0.62,884.5
TH312556,TH312556,PRLB,Q4 2021,"Feb 10, 2022 BMO","Oct 29, 2021",0.27,120.1
TH312556,TH312556,GNRC,Q4 2021,"Feb 15, 2022 BMO","Nov 3, 2021 34 days ago",2.45,"1,023"
TH312556,TH312556,IPGP,Q4 2021,"Feb 15, 2022 BMO","Nov 3, 2021",1.17,355.4
TH312556,TH312556,LECO,Q4 2021,"Feb 17, 2022 BMO","Nov 2, 2021",1.53,820.9
TH312556,TH312556,CGNX,Q4 2021,"Feb 17, 2022 AMC","Nov 8, 2021",0.19,225.5
TH312556,TH312556,LASR,Q4 2021,"Feb 23, 2022 AMC","Nov 10, 2021",0.01,70.1
TH312556,TH312556,GTLS,Q4 2021,"Feb 24, 2022 BMO","Oct 27, 2021",0.74,380
TH312556,TH312556,BLDP,Q4 2021,"Mar 9, 2022 AMC","Nov 10, 2021",-0.08,27.7
TH312556,TH312556,PLUG,Q4 2021,"Mar 10, 2022 AMC","Nov 18, 2021 20 days ago",-0.07,159.5
TH312556,TH312556,MSM,Q2 2022,"Apr 6, 2022 BMO","Oct 28, 2020 406 days ago",0.82,796.2
TH312556,TH312556,SNA,Q1 2022,"Apr 21, 2022 BMO","Oct 27, 2021",3.69,"1,032"
TH312556,TH312556,SWK,Q1 2022,"Apr 22, 2022 BMO","Nov 3, 2021",2.59,"4,504"
TH312556,TH312556,LECO,Q1 2022,"Apr 25, 2022 BMO","Nov 2, 2021",1.72,861.7
TH312556,TH312556,GTLS,Q1 2022,"Apr 28, 2022 BMO","Oct 27, 2021",0.97,389.1
TH312556,TH312556,PRLB,Q1 2022,"Apr 28, 2022 BMO","Oct 29, 2021",0.39,132.3
TH312556,TH312556,ITW,Q1 2022,"Apr 28, 2022 BMO","Nov 2, 2021",2.17,"3,706"
TH312556,TH312556,TRMB,Q1 2022,"Apr 28, 2022 AMC","Nov 9, 2021",0.72,961.3
TH312556,TH312556,CGNX,Q1 2022,"May 2, 2022 AMC","Nov 8, 2021",0.32,258.1
TH312556,TH312556,BLDP,Q1 2022,"May 2, 2022 AMC","Nov 10, 2021",-0.06,27.1
TH312556,TH312556,IPGP,Q1 2022,"May 3, 2022 BMO","Nov 3, 2021",1.29,367.1
TH312556,TH312556,GNRC,Q1 2022,"May 4, 2022 BMO","Nov 3, 2021",2.91,"1,093"
TH312556,TH312556,CFX,Q1 2022,"May 5, 2022 BMO","Nov 9, 2021 29 days ago",0.58,976.6
TH312556,TH312556,BE,Q1 2022,"May 9, 2022 AMC","Nov 18, 2021",-0.03,242
TH312556,TH312556,PLUG,Q1 2022,"May 10, 2022 BMO","Nov 18, 2021",-0.08,134.9
TH312556,TH312556,COHR,Q2 2022,"May 11, 2022 AMC","Oct 4, 2021 65 days ago",2.1,422
TH312556,TH312556,LASR,Q1 2022,"May 11, 2022 AMC","Nov 10, 2021",0.12,57.7
TH312556,TH312556,ENS,Q4 2022,"May 31, 2022 AMC","Nov 16, 2021",1.11,825.3
TH312556,TH312556,MSM,Q3 2022,"Jul 13, 2022 BMO","Oct 28, 2020 406 days ago",1.54,893.6
TH312556,TH312556,SNA,Q2 2022,"Jul 21, 2022 BMO","Oct 27, 2021 42 days ago",3.8,"1,046"
TH312556,TH312556,ITW,Q2 2022,"Jul 25, 2022 BMO","Nov 2, 2021",2.3,"3,891"
TH312556,TH312556,LECO,Q2 2022,"Jul 26, 2022 BMO","Nov 2, 2021",1.85,915.5
TH312556,TH312556,SWK,Q2 2022,"Jul 26, 2022 BMO","Nov 3, 2021",2.81,"4,597"
TH312556,TH312556,GTLS,Q2 2022,"Jul 28, 2022 BMO","Oct 27, 2021",1.33,433.2
TH312556,TH312556,PRLB,Q2 2022,"Jul 28, 2022 BMO","Oct 29, 2021",0.45,136.9
TH312556,TH312556,CFX,Q2 2022,"Jul 28, 2022 BMO","Nov 9, 2021 29 days ago",0.74,"1,116"
TH312556,TH312556,CGNX,Q2 2022,"Aug 1, 2022 AMC","Nov 8, 2021",0.47,298.8
TH312556,TH312556,IPGP,Q2 2022,"Aug 2, 2022 BMO","Nov 3, 2021",1.57,413.5
MarkL79,MarkL79,NFLX,Q4 2021,"Jan 18, 2022 AMC","Oct 11, 2021 58 days ago",3,"7,650"
MarkL79,MarkL79,PTC,Q1 2022,"Jan 19, 2022 AMC","Nov 3, 2021",0.91,455
MarkL79,MarkL79,IBM,Q4 2021,"Jan 24, 2022 AMC","Oct 18, 2021 51 days ago",2.9,"19,700"
MarkL79,MarkL79,IIVI,Q2 2022,"Jan 25, 2022 BMO","Oct 20, 2021 49 days ago",1.03,825
MarkL79,MarkL79,INTC,Q4 2021,"Jan 26, 2022 AMC","Oct 11, 2021 58 days ago",1.35,"18,800"
MarkL79,MarkL79,AAPL,Q1 2022,"Feb 1, 2022 AMC","Oct 18, 2021 51 days ago",1.66,"109,000"
MarkL79,MarkL79,AMD,Q4 2021,"Feb 1, 2022 AMC","Oct 11, 2021 58 days ago",0.7,"4,300"
MarkL79,MarkL79,TSLA,Q4 2021,"Feb 2, 2022 AMC","Oct 26, 2021",1.95,"14,640"
MarkL79,MarkL79,NOK,Q4 2021,"Feb 3, 2022 BMO","Oct 26, 2021",0.13,"7,700"
MarkL79,MarkL79,AMZN,Q4 2021,"Feb 3, 2022 AMC","Oct 26, 2021",15,"141,000"
MarkL79,MarkL79,DIS,Q1 2022,"Feb 8, 2022 AMC","Jul 21, 2021 140 days ago",0.9,"19,900"
MarkL79,MarkL79,UBER,Q4 2021,"Feb 9, 2022 AMC","Nov 3, 2021",-0.12,"4,702"
MarkL79,MarkL79,PTON,Q2 2022,"Feb 9, 2022 AMC","Nov 3, 2021",-0.46,"1,085"
MarkL79,MarkL79,LYFT,Q4 2021,"Feb 15, 2022 AMC","Oct 20, 2021 49 days ago",0.01,950
MarkL79,MarkL79,SHOP,Q4 2021,"Feb 16, 2022 BMO","Sep 12, 2021 87 days ago",2.25,"1,350"
MarkL79,MarkL79,ALB,Q4 2021,"Feb 16, 2022 AMC","Nov 3, 2021",1.14,860
MarkL79,MarkL79,SEDG,Q4 2021,"Feb 16, 2022 AMC","Oct 20, 2021 49 days ago",1.46,540.68
MarkL79,MarkL79,NVDA,Q4 2022,"Feb 17, 2022 AMC","Aug 21, 2021 109 days ago",0.97,"6,782"
MarkL79,MarkL79,FSLR,Q4 2021,"Feb 24, 2022 AMC","Nov 3, 2021",0.9,790
MarkL79,MarkL79,DASH,Q4 2021,"Feb 24, 2022 AMC","Sep 12, 2021 87 days ago",-0.09,"1,270"
MarkL79,MarkL79,FLR,Q4 2021,"Feb 25, 2022 BMO","May 15, 2021 207 days ago",0.13,"3,550"
MarkL79,MarkL79,JKS,Q4 2021,"Mar 1, 2022 BMO","Oct 26, 2021",0.1,"1,400"
MarkL79,MarkL79,ENPH,Q4 2021,"Mar 1, 2022 AMC","Sep 12, 2021 87 days ago",0.52,340
MarkL79,MarkL79,SSYS,Q4 2021,"Mar 2, 2022 BMO","Oct 26, 2021",0.03,155
MarkL79,MarkL79,DDD,Q4 2021,"Mar 2, 2022 AMC","Nov 3, 2021",0.1,145
MarkL79,MarkL79,BYND,Q4 2021,"Mar 3, 2022 AMC","Oct 18, 2021 51 days ago",-0.13,150
MarkL79,MarkL79,NIO,Q4 2021,"Mar 8, 2022 AMC","Jul 29, 2021 132 days ago",-0.03,"1,600"
MarkL79,MarkL79,BLDP,Q4 2021,"Mar 9, 2022 AMC","Nov 3, 2021",-0.04,28
MarkL79,MarkL79,ZM,Q4 2022,"Mar 9, 2022 AMC","Sep 12, 2021 87 days ago",1.27,"1,020"
MarkL79,MarkL79,ZUO,Q4 2022,"Mar 24, 2022 AMC","Aug 21, 2021 109 days ago",0.03,90
MarkL79,MarkL79,NFLX,Q1 2022,"Apr 18, 2022 AMC","Oct 11, 2021 58 days ago",3.2,"7,800"
MarkL79,MarkL79,IBM,Q1 2022,"Apr 19, 2022 AMC","Oct 18, 2021 51 days ago",2.6,"19,100"
MarkL79,MarkL79,NOK,Q1 2022,"Apr 28, 2022 BMO","Oct 26, 2021",0.1,"6,500"
MarkL79,MarkL79,INTC,Q1 2022,"Apr 28, 2022 AMC","Oct 11, 2021 58 days ago",1.37,"19,000"
MarkL79,MarkL79,AMZN,Q1 2022,"Apr 28, 2022 AMC","Oct 26, 2021",15.5,"125,000"
MarkL79,MarkL79,BLDP,Q1 2022,"May 2, 2022 AMC","Nov 3, 2021",-0.05,30
MarkL79,MarkL79,IIVI,Q3 2022,"May 3, 2022 BMO","Oct 20, 2021 49 days ago",1.03,850
MarkL79,MarkL79,AAPL,Q2 2022,"May 3, 2022 AMC","Oct 18, 2021 51 days ago",1.16,"83,000"
MarkL79,MarkL79,AMD,Q1 2022,"May 3, 2022 AMC","Oct 11, 2021 58 days ago",0.73,"4,400"
MarkL79,MarkL79,SSYS,Q1 2022,"May 4, 2022 BMO","Oct 26, 2021",0.04,156
MarkL79,MarkL79,TSLA,Q1 2022,"May 4, 2022 AMC","Oct 26, 2021",2,"15,500"
MarkL79,MarkL79,DDD,Q1 2022,"May 4, 2022 AMC","Nov 3, 2021",0.1,140
MarkL79,MarkL79,DIS,Q2 2022,"May 10, 2022 AMC","Jul 21, 2021 140 days ago",1.1,"20,100"
MarkL79,MarkL79,LYFT,Q1 2022,"May 11, 2022 AMC","Oct 20, 2021 49 days ago",0.02,980
MarkL79,MarkL79,ALB,Q1 2022,"May 11, 2022 AMC","Nov 3, 2021",1.18,891
MarkL79,MarkL79,SEDG,Q1 2022,"May 11, 2022 AMC","Oct 20, 2021 49 days ago",1.51,560
MarkL79,MarkL79,NVDA,Q1 2023,"May 12, 2022 AMC","Aug 21, 2021 109 days ago",0.98,"6,828"
MarkL79,MarkL79,DASH,Q1 2022,"May 12, 2022 AMC","Sep 12, 2021 87 days ago",-0.05,"1,280"
MarkL79,MarkL79,UBER,Q1 2022,"Jun 2, 2022 AMC","Nov 3, 2021",-0.06,"4,900"
MarkL79,MarkL79,ZM,Q1 2023,"Jun 8, 2022 AMC","Sep 12, 2021 87 days ago",1.29,"1,040"
BayStBull,BayStBull,BB,Q3 2022,"Dec 16, 2021 AMC","Dec 1, 2021",0.04,214
BayStBull,BayStBull,BB,Q4 2022,"Mar 29, 2022 AMC","Dec 1, 2021",0.08,229
BayStBull,BayStBull,BB,Q1 2023,"Jun 23, 2022 BMO","Dec 1, 2021",0.13,255
BayStBull,BayStBull,BB,Q2 2023,"Sep 27, 2022 BMO","Dec 1, 2021",0.16,293
docly,docly,NFLX,Q4 2021,"Jan 18, 2022 AMC","Oct 24, 2021",1.96,"7,650"
docly,docly,ROKU,Q4 2021,"Feb 24, 2022 AMC","Nov 4, 2021",0.54,877
docly,docly,SQ,Q4 2021,"Mar 2, 2022 AMC","Nov 22, 2021",0.35,"4,140"
Analyst_2350735,Analyst_2350735,DBX,Q4 2021,"Feb 24, 2022 AMC","Nov 5, 2021",0.4,555
Lere,Analyst_14137,T,Q4 2021,"Jan 26, 2022 BMO","Apr 18, 2021 233 days ago",0.84,"44,273"
Rick Schafer,Oppenheimer_7,AVGO,Q4 2021,"Dec 9, 2021 AMC","Sep 3, 2021 96 days ago",7.67,
Rick Schafer,Oppenheimer_7,TXN,Q4 2021,"Jan 26, 2022 AMC","Oct 27, 2021",1.95,
Rick Schafer,Oppenheimer_7,INTC,Q4 2021,"Jan 26, 2022 AMC","Oct 22, 2021 47 days ago",0.9,
Rick Schafer,Oppenheimer_7,SWKS,Q1 2022,"Jan 27, 2022 AMC","Nov 5, 2021",3.1,
Rick Schafer,Oppenheimer_7,AMD,Q4 2021,"Feb 1, 2022 AMC","Oct 27, 2021",0.75,
Rick Schafer,Oppenheimer_7,CRUS,Q3 2022,"Feb 2, 2022 AMC","Nov 2, 2021",2.15,
Rick Schafer,Oppenheimer_7,QRVO,Q3 2022,"Feb 2, 2022 AMC","Nov 4, 2021",2.75,
Rick Schafer,Oppenheimer_7,NXPI,Q4 2021,"Feb 2, 2022 AMC","Nov 2, 2021",3.01,
Rick Schafer,Oppenheimer_7,QCOM,Q1 2022,"Feb 2, 2022 AMC","Nov 4, 2021 34 days ago",3,9.39
Rick Schafer,Oppenheimer_7,MPWR,Q4 2021,"Feb 10, 2022 AMC","Oct 29, 2021",1.85,
Rick Schafer,Oppenheimer_7,ADI,Q1 2022,"Feb 16, 2022 BMO","Nov 23, 2021",1.98,
Rick Schafer,Oppenheimer_7,VECO,Q4 2021,"Feb 17, 2022 AMC","Aug 3, 2021 126 days ago",0.36,
Rick Schafer,Oppenheimer_7,NVDA,Q4 2022,"Feb 17, 2022 AMC","Nov 17, 2021",1.22,
Rick Schafer,Oppenheimer_7,MRVL,Q4 2022,"Mar 10, 2022 AMC","Dec 3, 2021",0.48,
Rick Schafer,Oppenheimer_7,SMTC,Q4 2022,"Mar 16, 2022 AMC","Sep 1, 2021 97 days ago",0.69,
Rick Schafer,Oppenheimer_7,AVGO,Q1 2022,"Mar 17, 2022 AMC","Sep 3, 2021 96 days ago",7.45,
Rick Schafer,Oppenheimer_7,QCOM,Q2 2022,"Apr 20, 2022 AMC","Nov 4, 2021 34 days ago",2.44,8.62
Rick Schafer,Oppenheimer_7,TXN,Q1 2022,"Apr 26, 2022 AMC","Oct 27, 2021",1.92,
Rick Schafer,Oppenheimer_7,INTC,Q1 2022,"Apr 28, 2022 AMC","Oct 22, 2021 47 days ago",1.04,
Rick Schafer,Oppenheimer_7,SWKS,Q2 2022,"Apr 28, 2022 AMC","Nov 5, 2021",2.71,
Rick Schafer,Oppenheimer_7,MPWR,Q1 2022,"May 2, 2022 AMC","Oct 29, 2021",1.91,
Rick Schafer,Oppenheimer_7,AMD,Q1 2022,"May 3, 2022 AMC","Oct 27, 2021",0.72,
Rick Schafer,Oppenheimer_7,NXPI,Q1 2022,"May 4, 2022 AMC","Nov 11, 2021",2.71,
Rick Schafer,Oppenheimer_7,VECO,Q1 2022,"May 4, 2022 AMC","Nov 2, 2021",0.37,
Rick Schafer,Oppenheimer_7,QRVO,Q4 2022,"May 4, 2022 AMC","Nov 4, 2021",2.84,
Rick Schafer,Oppenheimer_7,CRUS,Q4 2022,"May 4, 2022 AMC","Nov 2, 2021",0.69,
Rick Schafer,Oppenheimer_7,NVDA,Q1 2023,"May 12, 2022 AMC","Nov 17, 2021",1.23,
Rick Schafer,Oppenheimer_7,ADI,Q2 2022,"May 18, 2022 BMO","Nov 23, 2021",2.04,
Rick Schafer,Oppenheimer_7,SMTC,Q1 2023,"Jun 1, 2022 AMC","Dec 1, 2021",0.72,
Rick Schafer,Oppenheimer_7,MRVL,Q1 2023,"Jun 6, 2022 AMC","Dec 3, 2021",0.5,
Rick Schafer,Oppenheimer_7,AVGO,Q2 2022,"Jun 9, 2022 AMC","Jul 7, 2021 153 days ago",7.13,
Rick Schafer,Oppenheimer_7,QCOM,Q3 2022,"Jul 20, 2022 AMC","Nov 4, 2021 34 days ago",2.18,8.19
Rick Schafer,Oppenheimer_7,SWKS,Q3 2022,"Jul 21, 2022 AMC","Nov 5, 2021",2.67,
Rick Schafer,Oppenheimer_7,TXN,Q2 2022,"Jul 26, 2022 AMC","Oct 27, 2021",2,
Rick Schafer,Oppenheimer_7,AMD,Q2 2022,"Jul 26, 2022 AMC","Oct 27, 2021",0.78,
Rick Schafer,Oppenheimer_7,MPWR,Q2 2022,"Jul 27, 2022 AMC","Oct 29, 2021",2.1,
Rick Schafer,Oppenheimer_7,INTC,Q2 2022,"Jul 28, 2022 AMC","Oct 22, 2021 47 days ago",1.03,
Rick Schafer,Oppenheimer_7,NXPI,Q2 2022,"Aug 1, 2022 AMC","Nov 11, 2021",2.84,
Rick Schafer,Oppenheimer_7,QRVO,Q1 2023,"Aug 3, 2022 AMC","Nov 4, 2021",2.92,
Rick Schafer,Oppenheimer_7,CRUS,Q1 2023,"Aug 3, 2022 AMC","Nov 2, 2021",0.65,
Rick Schafer,Oppenheimer_7,VECO,Q2 2022,"Aug 4, 2022 AMC","Jul 7, 2021 153 days ago",0.39,
Rick Schafer,Oppenheimer_7,NVDA,Q2 2023,"Aug 18, 2022 AMC","Nov 17, 2021",1.28,
Rick Schafer,Oppenheimer_7,ADI,Q3 2022,"Aug 24, 2022 BMO","Nov 23, 2021",2.08,
Rick Schafer,Oppenheimer_7,MRVL,Q2 2023,"Aug 25, 2022 AMC","Dec 3, 2021",0.53,
Rick Schafer,Oppenheimer_7,SMTC,Q2 2023,"Aug 31, 2022 AMC","Dec 1, 2021",0.82,
Rick Schafer,Oppenheimer_7,AVGO,Q3 2022,"Sep 8, 2022 AMC","Sep 3, 2021 96 days ago",7.58,
Rick Schafer,Oppenheimer_7,TXN,Q3 2022,"Oct 25, 2022 AMC","Oct 27, 2021",2.11,
Rick Schafer,Oppenheimer_7,AMD,Q3 2022,"Oct 25, 2022 AMC","Jul 27, 2021 133 days ago",0.84,
Rick Schafer,Oppenheimer_7,INTC,Q3 2022,"Oct 27, 2022 AMC","Oct 22, 2021 47 days ago",1.1,
Rick Schafer,Oppenheimer_7,MPWR,Q3 2022,"Oct 27, 2022 AMC","Oct 29, 2021",2.35,
N. Quinn Bolton,Needham_4,MTSI,Q1 2022,"Jan 26, 2022 BMO","Nov 8, 2021",0.62,159
N. Quinn Bolton,Needham_4,INTC,Q4 2021,"Jan 26, 2022 AMC","Oct 22, 2021 47 days ago",0.9,"18,300"
N. Quinn Bolton,Needham_4,LRCX,Q2 2022,"Jan 26, 2022 AMC","Oct 21, 2021 48 days ago",8.45,"4,400"
N. Quinn Bolton,Needham_4,XLNX,Q3 2022,"Jan 26, 2022 AMC","May 11, 2021 211 days ago",0.92,905
N. Quinn Bolton,Needham_4,KLAC,Q2 2022,"Jan 27, 2022 AMC","Oct 28, 2021",5.4,"2,325"
N. Quinn Bolton,Needham_4,AEIS,Q4 2021,"Jan 31, 2022 AMC","Nov 9, 2021",0.92,355
N. Quinn Bolton,Needham_4,FORM,Q4 2021,"Feb 9, 2022 AMC","Oct 29, 2020 405 days ago",0.39,182
N. Quinn Bolton,Needham_4,ACLS,Q4 2021,"Feb 9, 2022 AMC","Nov 5, 2021",0.84,190
N. Quinn Bolton,Needham_4,ICHR,Q4 2021,"Feb 9, 2022 AMC","Oct 29, 2021",0.9,290
N. Quinn Bolton,Needham_4,MXL,Q4 2021,"Feb 9, 2022 AMC","Oct 28, 2021",0.84,245
N. Quinn Bolton,Needham_4,SITM,Q4 2021,"Feb 9, 2022 AMC","Nov 4, 2021",1.1,71
N. Quinn Bolton,Needham_4,MPWR,Q4 2021,"Feb 10, 2022 AMC","Oct 29, 2021",1.85,320
N. Quinn Bolton,Needham_4,ONTO,Q4 2021,"Feb 10, 2022 AMC","Nov 5, 2021",1.09,215
N. Quinn Bolton,Needham_4,ADI,Q1 2022,"Feb 16, 2022 BMO","Nov 24, 2021",1.78,"2,600"
N. Quinn Bolton,Needham_4,NVMI,Q4 2021,"Feb 16, 2022 BMO","Nov 5, 2021",1.04,118
N. Quinn Bolton,Needham_4,AMAT,Q1 2022,"Feb 16, 2022 AMC","Nov 19, 2021",1.85,"6,160"
N. Quinn Bolton,Needham_4,COHU,Q4 2021,"Feb 17, 2022 AMC","Oct 29, 2021",0.51,188.5
N. Quinn Bolton,Needham_4,UCTT,Q4 2021,"Feb 23, 2022 AMC","Oct 28, 2021",1.21,610
N. Quinn Bolton,Needham_4,VICR,Q4 2021,"Feb 24, 2022 AMC","Oct 22, 2021 47 days ago",0.48,100
N. Quinn Bolton,Needham_4,AMBA,Q4 2022,"Mar 3, 2022 AMC","Dec 1, 2021",0.42,90
N. Quinn Bolton,Needham_4,MRVL,Q4 2022,"Mar 10, 2022 AMC","Dec 3, 2021",0.48,"1,320"
N. Quinn Bolton,Needham_4,SMTC,Q4 2022,"Mar 16, 2022 AMC","Dec 2, 2021",0.7,189
N. Quinn Bolton,Needham_4,LRCX,Q3 2022,"Apr 20, 2022 AMC","Oct 21, 2021 48 days ago",8.75,"4,500"
N. Quinn Bolton,Needham_4,MTSI,Q2 2022,"Apr 26, 2022 BMO","Nov 8, 2021",0.64,163
N. Quinn Bolton,Needham_4,VICR,Q1 2022,"Apr 26, 2022 AMC","Jul 23, 2021 138 days ago",0.52,104
N. Quinn Bolton,Needham_4,XLNX,Q4 2022,"Apr 27, 2022 AMC","May 11, 2021 211 days ago",0.94,920
N. Quinn Bolton,Needham_4,UCTT,Q1 2022,"Apr 27, 2022 AMC","Oct 28, 2021",1.23,620
N. Quinn Bolton,Needham_4,COHU,Q1 2022,"Apr 28, 2022 BMO","Oct 29, 2021 40 days ago",0.66,209
N. Quinn Bolton,Needham_4,INTC,Q1 2022,"Apr 28, 2022 AMC","Oct 22, 2021 47 days ago",0.87,"18,000"
N. Quinn Bolton,Needham_4,KLAC,Q3 2022,"Apr 28, 2022 AMC","Oct 28, 2021",5.46,"2,350"
N. Quinn Bolton,Needham_4,AEIS,Q1 2022,"May 2, 2022 BMO","Nov 9, 2021",0.91,355
N. Quinn Bolton,Needham_4,MPWR,Q1 2022,"May 2, 2022 AMC","Oct 29, 2021",1.81,320
N. Quinn Bolton,Needham_4,NVMI,Q1 2022,"May 4, 2022 BMO","Nov 5, 2021",1.06,119
N. Quinn Bolton,Needham_4,FORM,Q1 2022,"May 4, 2022 AMC","Jan 8, 2021 334 days ago",0.38,180
N. Quinn Bolton,Needham_4,ACLS,Q1 2022,"May 4, 2022 AMC","Nov 5, 2021",0.88,190
N. Quinn Bolton,Needham_4,MXL,Q1 2022,"May 10, 2022 AMC","Oct 28, 2021",0.73,240
N. Quinn Bolton,Needham_4,ONTO,Q1 2022,"May 10, 2022 AMC","Nov 5, 2021",1.14,222.5
N. Quinn Bolton,Needham_4,ICHR,Q1 2022,"May 10, 2022 AMC","Oct 29, 2021",0.97,300
N. Quinn Bolton,Needham_4,SITM,Q1 2022,"May 11, 2022 BMO","Nov 4, 2021",0.6,58
N. Quinn Bolton,Needham_4,ADI,Q2 2022,"May 18, 2022 BMO","Nov 24, 2021",1.81,"2,625"
N. Quinn Bolton,Needham_4,AMAT,Q2 2022,"May 19, 2022 AMC","Nov 19, 2021",1.96,"6,480"
N. Quinn Bolton,Needham_4,SMTC,Q1 2023,"Jun 1, 2022 AMC","Dec 2, 2021",0.72,193
N. Quinn Bolton,Needham_4,MRVL,Q1 2023,"Jun 6, 2022 AMC","Dec 3, 2021",0.47,"1,370"
N. Quinn Bolton,Needham_4,AMBA,Q1 2023,"Jun 7, 2022 AMC","Dec 1, 2021",0.38,91
N. Quinn Bolton,Needham_4,MPWR,Q2 2022,"Jul 27, 2022 AMC","Oct 29, 2021",2.08,350
N. Quinn Bolton,Needham_4,XLNX,Q1 2023,"Jul 27, 2022 AMC","May 11, 2021 211 days ago",0.98,940
N. Quinn Bolton,Needham_4,LRCX,Q4 2022,"Jul 27, 2022 AMC","Oct 21, 2021 48 days ago",8.95,"4,550"
N. Quinn Bolton,Needham_4,COHU,Q2 2022,"Jul 28, 2022 BMO","Oct 29, 2021",0.79,221
N. Quinn Bolton,Needham_4,INTC,Q2 2022,"Jul 28, 2022 AMC","Oct 22, 2021 47 days ago",0.88,"18,400"
N. Quinn Bolton,Needham_4,UCTT,Q2 2022,"Jul 28, 2022 AMC","Oct 28, 2021",1.26,635
Analyst_9735960,Analyst_9735960,UNH,Q4 2021,"Jan 18, 2022 BMO","Oct 16, 2021 53 days ago",4.34,"72,533"
Analyst_9735960,Analyst_9735960,AMZN,Q4 2021,"Feb 3, 2022 AMC","Oct 24, 2021 45 days ago",12.37,"142,789"
Analyst_9630672,Analyst_9630672,SPLK,Q4 2022,"Mar 3, 2022 AMC","Mar 10, 2021 273 days ago",0.46,852
dsadhvani,dsadhvani,RH,Q3 2021,"Dec 8, 2021 AMC","Dec 7, 2021",6.65,990
dsadhvani,dsadhvani,LULU,Q3 2021,"Dec 9, 2021 AMC","Dec 2, 2021",1.42,"1,433"
Analyst_3706437,Analyst_3706437,ZG,Q4 2021,"Feb 10, 2022 AMC","Nov 2, 2021",0.08,"1,929"
Analyst_9324070,Analyst_9324070,SWN,Q4 2021,"Feb 24, 2022 AMC","Sep 30, 2021 69 days ago",0.24,918.72
Analyst_9324070,Analyst_9324070,NIO,Q4 2021,"Mar 8, 2022 AMC","Nov 4, 2021",-0.02,"1,691"
Analyst_9324070,Analyst_9324070,BLDP,Q4 2021,"Mar 9, 2022 AMC","Nov 25, 2021",-0.12,29
Analyst_9324070,Analyst_9324070,PLUG,Q4 2021,"Mar 10, 2022 AMC","Nov 4, 2021",-0.02,148.78
Craig Irwin,Roth_20,AYI,Q1 2022,"Jan 12, 2022 BMO","Apr 5, 2021 247 days ago",2.25,825
Craig Irwin,Roth_20,WOLF,Q2 2022,"Jan 25, 2022 AMC","Oct 28, 2021",-0.19,165
Craig Irwin,Roth_20,TSLA,Q4 2021,"Feb 2, 2022 AMC","Oct 21, 2021 48 days ago",1.85,"15,470"
Craig Irwin,Roth_20,GPRE,Q4 2021,"Feb 9, 2022 BMO","Nov 5, 2021",-0.01,
Craig Irwin,Roth_20,DAR,Q4 2021,"Mar 1, 2022 BMO","Mar 4, 2021 279 days ago",0.74,910
Craig Irwin,Roth_20,AMRS,Q4 2021,"Mar 2, 2022 AMC","Nov 9, 2021",-0.11,83
Craig Irwin,Roth_20,AMRC,Q4 2021,"Mar 3, 2022 AMC","Aug 3, 2021 127 days ago",0.48,368.9
Craig Irwin,Roth_20,REGI,Q4 2021,"Mar 8, 2022 AMC","May 3, 2021 219 days ago",0.05,625
Craig Irwin,Roth_20,BLDP,Q4 2021,"Mar 9, 2022 AMC","Nov 10, 2021 28 days ago",-0.06,27.5
Craig Irwin,Roth_20,PLUG,Q4 2021,"Mar 10, 2022 AMC","Aug 6, 2021 124 days ago",-0.1,165
Craig Irwin,Roth_20,WLDN,Q4 2021,"Mar 10, 2022 AMC","Aug 6, 2021 124 days ago",0.24,55
Craig Irwin,Roth_20,CHPT,Q4 2022,"Mar 10, 2022 AMC","Dec 8, 2021",-0.15,73.3
Craig Irwin,Roth_20,AYI,Q2 2022,"Apr 6, 2022 BMO","Apr 5, 2021 247 days ago",2.2,820
Craig Irwin,Roth_20,WOLF,Q3 2022,"Apr 26, 2022 AMC","Oct 28, 2021",-0.15,180
Craig Irwin,Roth_20,GPRE,Q1 2022,"May 2, 2022 BMO","Nov 5, 2021",0.17,
Craig Irwin,Roth_20,BLDP,Q1 2022,"May 2, 2022 AMC","Nov 10, 2021",-0.06,26
Craig Irwin,Roth_20,TSLA,Q1 2022,"May 4, 2022 AMC","Oct 21, 2021 48 days ago",1.87,"16,000"
Craig Irwin,Roth_20,WLDN,Q1 2022,"May 5, 2022 AMC","Nov 5, 2021",-0.09,50
Craig Irwin,Roth_20,AMRS,Q1 2022,"May 12, 2022 BMO","Nov 9, 2021",-0.09,80
Craig Irwin,Roth_20,CHPT,Q1 2023,"Jun 2, 2022 AMC","Dec 8, 2021",-0.14,70
Craig Irwin,Roth_20,AYI,Q3 2022,"Jun 30, 2022 BMO","Apr 5, 2021 247 days ago",2.3,860
Craig Irwin,Roth_20,TSLA,Q2 2022,"Jul 27, 2022 AMC","Oct 21, 2021 48 days ago",2,"17,000"
Craig Irwin,Roth_20,GPRE,Q2 2022,"Aug 1, 2022 BMO","Nov 5, 2021",0.27,
Craig Irwin,Roth_20,WLDN,Q2 2022,"Aug 4, 2022 AMC","Nov 5, 2021",0.36,60
Craig Irwin,Roth_20,BLDP,Q2 2022,"Aug 5, 2022 BMO","Nov 10, 2021",-0.05,29
Craig Irwin,Roth_20,AMRS,Q2 2022,"Aug 11, 2022 BMO","Nov 9, 2021",0.07,90
Craig Irwin,Roth_20,WOLF,Q4 2022,"Aug 16, 2022 AMC","Oct 28, 2021",-0.17,195
Craig Irwin,Roth_20,CHPT,Q2 2023,"Aug 31, 2022 AMC","Dec 8, 2021",-0.13,85
Craig Irwin,Roth_20,AYI,Q4 2022,"Oct 5, 2022 BMO","Apr 5, 2021 247 days ago",2.65,930
Craig Irwin,Roth_20,TSLA,Q3 2022,"Oct 26, 2022 AMC","Oct 21, 2021 48 days ago",2.13,"18,000"
Craig Irwin,Roth_20,GPRE,Q3 2022,"Nov 2, 2022 BMO","Nov 5, 2021",0.26,
Craig Irwin,Roth_20,WLDN,Q3 2022,"Nov 3, 2022 AMC","Nov 5, 2021",0.87,70
Craig Irwin,Roth_20,AMRS,Q3 2022,"Nov 10, 2022 BMO","Nov 9, 2021",-0.06,95
Craig Irwin,Roth_20,BLDP,Q3 2022,"Nov 14, 2022 BMO","Nov 10, 2021",-0.05,30
Craig Irwin,Roth_20,CHPT,Q3 2023,"Dec 6, 2022 AMC","Dec 8, 2021",-0.12,100
Craig Irwin,Roth_20,TSLA,Q4 2022,"Feb 1, 2023 AMC","Oct 21, 2021 48 days ago",2.26,"19,000"
Craig Irwin,Roth_20,GPRE,Q4 2022,"Feb 8, 2023 BMO","Nov 5, 2021",0.3,
Craig Irwin,Roth_20,AMRS,Q4 2022,"Mar 1, 2023 AMC","Nov 9, 2021",0,130
Craig Irwin,Roth_20,BLDP,Q4 2022,"Mar 8, 2023 AMC","Nov 10, 2021",-0.05,35
Craig Irwin,Roth_20,WLDN,Q4 2022,"Mar 9, 2023 AMC","Nov 5, 2021",1.09,75
Craig Irwin,Roth_20,CHPT,Q4 2023,"Mar 9, 2023 AMC","Dec 8, 2021",-0.11,105
